<?xml version="1.0" encoding="UTF-8"?>
<!DOCTYPE html PUBLIC "-//W3C//DTD XHTML 1.0 Transitional//EN"
    "http://www.w3.org/TR/xhtml1/DTD/xhtml1-transitional.dtd">
<html xmlns="http://www.w3.org/1999/xhtml" xml:lang="en" lang="en">
 <head>
  <title>
</title>
<meta http-equiv="Content-Type" content="text/html;charset=utf-8" />
  <meta name='ocr-system' content='tesseract 3.04.00' />
  <meta name='ocr-capabilities' content='ocr_page ocr_carea ocr_par ocr_line ocrx_word'/>
</head>
<body>
  <div class='ocr_page' id='page_1' title='image "./tlucretiideprim00hildgoog_0018.png"; bbox 0 0 4400 5584; ppageno 0'>
   <div class='ocr_carea' id='block_1_1' title="bbox 1057 471 1104 550">
    <p class='ocr_par' dir='ltr' id='par_1_1' title="bbox 1057 471 1104 550">
     <span class='ocr_line' id='line_1_1' title="bbox 1057 471 1104 550; baseline 0 0"><span class='ocrx_word' id='word_1_1' title='bbox 1057 471 1104 550; x_wconf 85' lang='lat'>12</span> 
     </span>
    </p>
   </div>
   <div class='ocr_carea' id='block_1_2' title="bbox 133 669 2026 4642">
    <p class='ocr_par' dir='ltr' id='par_1_2' title="bbox 133 669 2026 4642">
     <span class='ocr_line' id='line_1_2' title="bbox 213 669 1946 759; baseline -0.002 -17"><span class='ocrx_word' id='word_1_2' title='bbox 213 679 271 749; x_wconf 74' lang='grc' dir='ltr'><strong>ιιιιι</strong></span> <span class='ocrx_word' id='word_1_3' title='bbox 291 680 340 742; x_wconf 91' lang='lat' dir='ltr'>est</span> <span class='ocrx_word' id='word_1_4' title='bbox 358 674 393 741; x_wconf 91' lang='lat' dir='ltr'>id</span> <span class='ocrx_word' id='word_1_5' title='bbox 413 672 446 740; x_wconf 92' lang='lat' dir='ltr'>in</span> <span class='ocrx_word' id='word_1_6' title='bbox 467 694 530 759; x_wconf 92' lang='lat' dir='ltr'>quo</span> <span class='ocrx_word' id='word_1_7' title='bbox 553 693 604 739; x_wconf 90' lang='lat' dir='ltr'>res</span> <span class='ocrx_word' id='word_1_8' title='bbox 624 673 704 739; x_wconf 84' lang='lat' dir='ltr'>sitne</span> <span class='ocrx_word' id='word_1_9' title='bbox 724 680 806 754; x_wconf 80' lang='lat' dir='ltr'>sunt,</span> <span class='ocrx_word' id='word_1_10' title='bbox 826 673 942 758; x_wconf 89' lang='lat' dir='ltr'>inquo</span> <span class='ocrx_word' id='word_1_11' title='bbox 963 672 1043 740; x_wconf 85' lang='lat' dir='ltr'>finnt</span> <span class='ocrx_word' id='word_1_12' title='bbox 1063 679 1096 741; x_wconf 87' lang='lat' dir='ltr'>et</span> <span class='ocrx_word' id='word_1_13' title='bbox 1116 678 1288 754; x_wconf 81' lang='lat' dir='ltr'>morentur,</span> <span class='ocrx_word' id='word_1_14' title='bbox 1306 670 1340 737; x_wconf 95' lang='lat' dir='ltr'>id</span> <span class='ocrx_word' id='word_1_15' title='bbox 1362 676 1469 738; x_wconf 82' lang='lat' dir='ltr'>sutem</span> <span class='ocrx_word' id='word_1_16' title='bbox 1489 677 1538 738; x_wconf 84' lang='lat' dir='ltr'>est</span> <span class='ocrx_word' id='word_1_17' title='bbox 1557 672 1660 738; x_wconf 80' lang='lat' dir='ltr'>inune.</span> <span class='ocrx_word' id='word_1_18' title='bbox 1702 669 1830 737; x_wconf 90' lang='lat' dir='ltr'>Nullum</span> <span class='ocrx_word' id='word_1_19' title='bbox 1849 671 1946 757; x_wconf 77' lang='lat' dir='ltr'>igitur</span> 
     </span>
     <span class='ocr_line' id='line_1_3' title="bbox 133 781 1946 871; baseline -0.002 -17"><span class='ocrx_word' id='word_1_20' title='bbox 133 788 137 795; x_wconf 79' lang='grc'><strong>’</strong></span> <span class='ocrx_word' id='word_1_21' title='bbox 214 793 263 854; x_wconf 89' lang='lat' dir='ltr'>est</span> <span class='ocrx_word' id='word_1_22' title='bbox 283 787 412 854; x_wconf 88' lang='lat' dir='ltr'>tertium</span> <span class='ocrx_word' id='word_1_23' title='bbox 431 806 537 852; x_wconf 88' lang='lat' dir='ltr'>rerum</span> <span class='ocrx_word' id='word_1_24' title='bbox 558 805 656 869; x_wconf 78' lang='lat' dir='ltr'>genus</span> <span class='ocrx_word' id='word_1_25' title='bbox 677 782 761 868; x_wconf 93' lang='lat' dir='ltr'>quod</span> <span class='ocrx_word' id='word_1_26' title='bbox 792 805 884 850; x_wconf 88' lang='lat' dir='ltr'>sensu</span> <span class='ocrx_word' id='word_1_27' title='bbox 915 785 964 851; x_wconf 85' lang='lat' dir='ltr'>vel</span> <span class='ocrx_word' id='word_1_28' title='bbox 984 784 1105 851; x_wconf 78' lang='lat' dir='ltr'>retione</span> <span class='ocrx_word' id='word_1_29' title='bbox 1126 782 1358 871; x_wconf 79' lang='lat' dir='ltr'>deprehendere</span> <span class='ocrx_word' id='word_1_30' title='bbox 1389 782 1552 869; x_wconf 89' lang='lat' dir='ltr'>possimus.</span> <span class='ocrx_word' id='word_1_31' title='bbox 1593 781 1676 848; x_wconf 81' lang='lat' dir='ltr'>Nem</span> <span class='ocrx_word' id='word_1_32' title='bbox 1708 802 1789 866; x_wconf 80' lang='lat' dir='ltr'>quse</span> <span class='ocrx_word' id='word_1_33' title='bbox 1819 789 1946 868; x_wconf 77' lang='lat' dir='ltr'>praeter</span> 
     </span>
     <span class='ocr_line' id='line_1_4' title="bbox 213 889 1946 982; baseline -0.003 -19"><span class='ocrx_word' id='word_1_34' title='bbox 213 916 328 982; x_wconf 87' lang='lat' dir='ltr'>corpus</span> <span class='ocrx_word' id='word_1_35' title='bbox 349 902 382 963; x_wconf 87' lang='lat' dir='ltr'>et</span> <span class='ocrx_word' id='word_1_36' title='bbox 401 897 495 962; x_wconf 85' lang='lat' dir='ltr'>inune</span> <span class='ocrx_word' id='word_1_37' title='bbox 516 893 649 960; x_wconf 78' lang='lat' dir='ltr'><strong>dicimus</strong></span> <span class='ocrx_word' id='word_1_38' title='bbox 670 914 745 975; x_wconf 88' lang='lat' dir='ltr'>esse,</span> <span class='ocrx_word' id='word_1_39' title='bbox 773 901 831 961; x_wconf 89' lang='lat' dir='ltr'>ent</span> <span class='ocrx_word' id='word_1_40' title='bbox 852 897 1066 980; x_wconf 85' lang='lat' dir='ltr'>conjuncte</span> <span class='ocrx_word' id='word_1_41' title='bbox 1093 900 1168 961; x_wconf 89' lang='lat' dir='ltr'>sunt</span> <span class='ocrx_word' id='word_1_42' title='bbox 1189 914 1302 962; x_wconf 91' lang='lat' dir='ltr'>eorum</span> <span class='ocrx_word' id='word_1_43' title='bbox 1322 898 1380 959; x_wconf 83' lang='lat' dir='ltr'>sut</span> <span class='ocrx_word' id='word_1_44' title='bbox 1400 897 1542 959; x_wconf 81' lang='lat' dir='ltr'>events</span> <span class='ocrx_word' id='word_1_45' title='bbox 1562 891 1619 979; x_wconf 84' lang='lat' dir='ltr'>(e).</span> <span class='ocrx_word' id='word_1_46' title='bbox 1661 889 1868 978; x_wconf 84' lang='lat' dir='ltr'>Oonjunetnm</span> <span class='ocrx_word' id='word_1_47' title='bbox 1889 900 1946 976; x_wconf 82' lang='lat' dir='ltr'>eet,</span> 
     </span>
     <span class='ocr_line' id='line_1_5' title="bbox 214 1002 1947 1092; baseline -0.001 -20"><span class='ocrx_word' id='word_1_48' title='bbox 214 1006 299 1092; x_wconf 91' lang='lat' dir='ltr'>quod</span> <span class='ocrx_word' id='word_1_49' title='bbox 320 1007 367 1073; x_wconf 90' lang='lat' dir='ltr'>rei</span> <span class='ocrx_word' id='word_1_50' title='bbox 385 1006 488 1087; x_wconf 76' lang='lat' dir='ltr'>elicui,</span> <span class='ocrx_word' id='word_1_51' title='bbox 509 1006 573 1072; x_wconf 83' lang='lat' dir='ltr'>sive</span> <span class='ocrx_word' id='word_1_52' title='bbox 596 1025 709 1090; x_wconf 90' lang='lat' dir='ltr'>corpus</span> <span class='ocrx_word' id='word_1_53' title='bbox 731 1011 779 1073; x_wconf 88' lang='lat' dir='ltr'>est</span> <span class='ocrx_word' id='word_1_54' title='bbox 800 1006 865 1073; x_wconf 81' lang='lat' dir='ltr'>sive</span> <span class='ocrx_word' id='word_1_55' title='bbox 885 1008 987 1089; x_wconf 83' lang='lat' dir='ltr'>inane,</span> <span class='ocrx_word' id='word_1_56' title='bbox 1008 1007 1054 1074; x_wconf 87' lang='lat' dir='ltr'>ite</span> <span class='ocrx_word' id='word_1_57' title='bbox 1075 1006 1279 1088; x_wconf 77' lang='lat' dir='ltr'>adhaerescit,</span> <span class='ocrx_word' id='word_1_58' title='bbox 1309 1011 1347 1071; x_wconf 93' lang='lat' dir='ltr'>ut</span> <span class='ocrx_word' id='word_1_59' title='bbox 1366 1004 1433 1071; x_wconf 90' lang='lat' dir='ltr'>sine</span> <span class='ocrx_word' id='word_1_60' title='bbox 1464 1005 1531 1089; x_wconf 88' lang='lat' dir='ltr'>ejus</span> <span class='ocrx_word' id='word_1_61' title='bbox 1551 1002 1681 1071; x_wconf 87' lang='lat' dir='ltr'>interitu</span> <span class='ocrx_word' id='word_1_62' title='bbox 1712 1005 1852 1090; x_wconf 80' lang='lat' dir='ltr'>seperari</span> <span class='ocrx_word' id='word_1_63' title='bbox 1882 1025 1947 1073; x_wconf 94' lang='lat' dir='ltr'>non</span> 
     </span>
     <span class='ocr_line' id='line_1_6' title="bbox 210 1104 1946 1205; baseline 0 -21"><span class='ocrx_word' id='word_1_64' title='bbox 210 1104 318 1205; x_wconf 82' lang='lat' dir='ltr'>possit,</span> <span class='ocrx_word' id='word_1_65' title='bbox 340 1123 377 1184; x_wconf 93' lang='grc' dir='ltr'>ιιι</span> <span class='ocrx_word' id='word_1_66' title='bbox 396 1116 520 1204; x_wconf 90' lang='lat' dir='ltr'>pondus</span> <span class='ocrx_word' id='word_1_67' title='bbox 540 1119 743 1204; x_wconf 86' lang='lat' dir='ltr'>conjunctum</span> <span class='ocrx_word' id='word_1_68' title='bbox 764 1124 813 1185; x_wconf 92' lang='lat' dir='ltr'>est</span> <span class='ocrx_word' id='word_1_69' title='bbox 832 1119 917 1185; x_wconf 77' lang='lat' dir='ltr'>sexis</span> <span class='ocrx_word' id='word_1_70' title='bbox 936 1139 1038 1204; x_wconf 87' lang='lat' dir='ltr'>neque</span> <span class='ocrx_word' id='word_1_71' title='bbox 1056 1117 1098 1185; x_wconf 89' lang='lat' dir='ltr'>eb</span> <span class='ocrx_word' id='word_1_72' title='bbox 1126 1118 1165 1184; x_wconf 92' lang='lat' dir='ltr'>iis</span> <span class='ocrx_word' id='word_1_73' title='bbox 1186 1117 1342 1202; x_wconf 78' lang='lat' dir='ltr'>segregnri</span> <span class='ocrx_word' id='word_1_74' title='bbox 1366 1114 1432 1181; x_wconf 91' lang='lat' dir='ltr'>ullo</span> <span class='ocrx_word' id='word_1_75' title='bbox 1452 1115 1546 1182; x_wconf 90' lang='lat' dir='ltr'>modo</span> <span class='ocrx_word' id='word_1_76' title='bbox 1564 1120 1669 1201; x_wconf 84' lang='lat' dir='ltr'>potest</span> <span class='ocrx_word' id='word_1_77' title='bbox 1689 1114 1778 1182; x_wconf 79' lang='lat' dir='ltr'>selva</span> <span class='ocrx_word' id='word_1_78' title='bbox 1797 1137 1946 1184; x_wconf 76' lang='lat' dir='ltr'><strong>saxorum</strong></span> 
     </span>
     <span class='ocr_line' id='line_1_7' title="bbox 210 1226 1947 1314; baseline 0 -18"><span class='ocrx_word' id='word_1_79' title='bbox 210 1234 342 1309; x_wconf 78' lang='lat' dir='ltr'>nature3</span> <span class='ocrx_word' id='word_1_80' title='bbox 363 1248 438 1294; x_wconf 84' lang='lat' dir='ltr'>nsm</span> <span class='ocrx_word' id='word_1_81' title='bbox 461 1229 488 1295; x_wconf 90' lang='lat' dir='ltr'>si</span> <span class='ocrx_word' id='word_1_82' title='bbox 508 1228 631 1314; x_wconf 90' lang='lat' dir='ltr'>pondus</span> <span class='ocrx_word' id='word_1_83' title='bbox 652 1250 731 1296; x_wconf 83' lang='lat' dir='ltr'>sexo</span> <span class='ocrx_word' id='word_1_84' title='bbox 752 1227 867 1309; x_wconf 81' lang='lat' dir='ltr'>denras,</span> <span class='ocrx_word' id='word_1_85' title='bbox 890 1230 957 1314; x_wconf 84' lang='lat' dir='ltr'>jem</span> <span class='ocrx_word' id='word_1_86' title='bbox 978 1227 1101 1295; x_wconf 82' lang='lat' dir='ltr'>desinet</span> <span class='ocrx_word' id='word_1_87' title='bbox 1122 1250 1189 1295; x_wconf 89' lang='lat' dir='ltr'>esse</span> <span class='ocrx_word' id='word_1_88' title='bbox 1210 1249 1330 1297; x_wconf 81' lang='lat' dir='ltr'>sexum.</span> <span class='ocrx_word' id='word_1_89' title='bbox 1372 1226 1527 1293; x_wconf 80' lang='lat' dir='ltr'>Eventnm</span> <span class='ocrx_word' id='word_1_90' title='bbox 1554 1247 1627 1294; x_wconf 88' lang='lat' dir='ltr'>vero</span> <span class='ocrx_word' id='word_1_91' title='bbox 1656 1232 1717 1308; x_wconf 85' lang='lat' dir='ltr'>est,</span> <span class='ocrx_word' id='word_1_92' title='bbox 1745 1227 1830 1312; x_wconf 88' lang='lat' dir='ltr'>quod</span> <span class='ocrx_word' id='word_1_93' title='bbox 1856 1228 1947 1296; x_wconf 77' lang='lat' dir='ltr'>adest</span> 
     </span>
     <span class='ocr_line' id='line_1_8' title="bbox 211 1337 1946 1425; baseline 0.002 -21"><span class='ocrx_word' id='word_1_94' title='bbox 211 1344 245 1406; x_wconf 88' lang='lat' dir='ltr'>et</span> <span class='ocrx_word' id='word_1_95' title='bbox 264 1338 355 1405; x_wconf 78' lang='lat' dir='ltr'>abest</span> <span class='ocrx_word' id='word_1_96' title='bbox 374 1339 441 1404; x_wconf 90' lang='lat' dir='ltr'>sine</span> <span class='ocrx_word' id='word_1_97' title='bbox 463 1340 540 1424; x_wconf 86' lang='lat' dir='ltr'>ejus,</span> <span class='ocrx_word' id='word_1_98' title='bbox 562 1337 648 1423; x_wconf 87' lang='lat' dir='ltr'>quod</span> <span class='ocrx_word' id='word_1_99' title='bbox 669 1339 698 1405; x_wconf 94' lang='lat' dir='ltr'>ei</span> <span class='ocrx_word' id='word_1_100' title='bbox 719 1338 843 1420; x_wconf 83' lang='lat' dir='ltr'>subest,</span> <span class='ocrx_word' id='word_1_101' title='bbox 863 1339 1002 1421; x_wconf 88' lang='lat' dir='ltr'>interitu,</span> <span class='ocrx_word' id='word_1_102' title='bbox 1023 1346 1061 1406; x_wconf 90' lang='lat' dir='ltr'>ut</span> <span class='ocrx_word' id='word_1_103' title='bbox 1080 1339 1206 1419; x_wconf 80' lang='lat' dir='ltr'>beuum,</span> <span class='ocrx_word' id='word_1_104' title='bbox 1237 1344 1415 1424; x_wconf 69' lang='lat' dir='ltr'>paupertas</span> <span class='ocrx_word' id='word_1_105' title='bbox 1447 1337 1622 1408; x_wconf 73' lang='lat' dir='ltr'>concordis</span> <span class='ocrx_word' id='word_1_106' title='bbox 1664 1338 1800 1424; x_wconf 82' lang='lat' dir='ltr'>Tempus</span> <span class='ocrx_word' id='word_1_107' title='bbox 1821 1361 1946 1425; x_wconf 90' lang='lat' dir='ltr'>quoque</span> 
     </span>
     <span class='ocr_line' id='line_1_9' title="bbox 210 1448 1947 1536; baseline 0.002 -21"><span class='ocrx_word' id='word_1_108' title='bbox 210 1470 322 1536; x_wconf 88' lang='lat' dir='ltr'>perse</span> <span class='ocrx_word' id='word_1_109' title='bbox 343 1471 406 1517; x_wconf 90' lang='lat' dir='ltr'>non</span> <span class='ocrx_word' id='word_1_110' title='bbox 427 1456 488 1532; x_wconf 84' lang='lat' dir='ltr'>est,</span> <span class='ocrx_word' id='word_1_111' title='bbox 517 1449 573 1516; x_wconf 89' lang='lat' dir='ltr'>sed</span> <span class='ocrx_word' id='word_1_112' title='bbox 596 1470 635 1515; x_wconf 85' lang='lat' dir='ltr'>ex</span> <span class='ocrx_word' id='word_1_113' title='bbox 655 1448 750 1516; x_wconf 89' lang='lat' dir='ltr'>rebus</span> <span class='ocrx_word' id='word_1_114' title='bbox 771 1448 847 1515; x_wconf 91' lang='lat' dir='ltr'>olim</span> <span class='ocrx_word' id='word_1_115' title='bbox 866 1450 960 1534; x_wconf 77' lang='lat' dir='ltr'>gestie</span> <span class='ocrx_word' id='word_1_116' title='bbox 982 1456 1015 1517; x_wconf 87' lang='lat' dir='ltr'>et</span> <span class='ocrx_word' id='word_1_117' title='bbox 1034 1450 1214 1535; x_wconf 78' lang='lat' dir='ltr'>praeteritis</span> <span class='ocrx_word' id='word_1_118' title='bbox 1235 1455 1360 1535; x_wconf 84' lang='lat' dir='ltr'>tempus</span> <span class='ocrx_word' id='word_1_119' title='bbox 1379 1450 1584 1535; x_wconf 77' lang='lat' dir='ltr'>praeteritum</span> <span class='ocrx_word' id='word_1_120' title='bbox 1605 1450 1827 1534; x_wconf 78' lang='lat' dir='ltr'>cognoscimus,</span> <span class='ocrx_word' id='word_1_121' title='bbox 1848 1471 1888 1516; x_wconf 89' lang='lat' dir='ltr'>ex</span> <span class='ocrx_word' id='word_1_122' title='bbox 1908 1452 1947 1518; x_wconf 89' lang='lat' dir='ltr'>iis</span> 
     </span>
     <span class='ocr_line' id='line_1_10' title="bbox 211 1559 2026 1654; baseline 0.001 -26"><span class='ocrx_word' id='word_1_123' title='bbox 211 1562 313 1643; x_wconf 83' lang='lat' dir='ltr'>rebus,</span> <span class='ocrx_word' id='word_1_124' title='bbox 342 1581 423 1646; x_wconf 87' lang='lat' dir='ltr'>qnee</span> <span class='ocrx_word' id='word_1_125' title='bbox 445 1560 539 1628; x_wconf 91' lang='lat' dir='ltr'>hodie</span> <span class='ocrx_word' id='word_1_126' title='bbox 560 1566 635 1643; x_wconf 81' lang='lat' dir='ltr'>sunt</span> <span class='ocrx_word' id='word_1_127' title='bbox 654 1581 694 1627; x_wconf 85' lang='grc' dir='ltr'>οο</span> <span class='ocrx_word' id='word_1_128' title='bbox 714 1559 803 1641; x_wconf 72' lang='lat' dir='ltr'>fiunt</span> <span class='ocrx_word' id='word_1_129' title='bbox 826 1581 981 1645; x_wconf 80' lang='lat' dir='ltr'>praesens,</span> <span class='ocrx_word' id='word_1_130' title='bbox 1004 1582 1043 1627; x_wconf 86' lang='lat' dir='ltr'>ex</span> <span class='ocrx_word' id='word_1_131' title='bbox 1062 1562 1100 1627; x_wconf 91' lang='lat' dir='ltr'>iis</span> <span class='ocrx_word' id='word_1_132' title='bbox 1111 1582 1193 1646; x_wconf 85' lang='lat' dir='ltr'>ques</span> <span class='ocrx_word' id='word_1_133' title='bbox 1213 1566 1286 1627; x_wconf 90' lang='lat' dir='ltr'>sunt</span> <span class='ocrx_word' id='word_1_134' title='bbox 1305 1560 1430 1626; x_wconf 80' lang='lat' dir='ltr'>futures</span> <span class='ocrx_word' id='word_1_135' title='bbox 1451 1567 1484 1627; x_wconf 88' lang='lat' dir='ltr'>et</span> <span class='ocrx_word' id='word_1_136' title='bbox 1504 1581 1584 1645; x_wconf 83' lang='lat' dir='ltr'>quus</span> <span class='ocrx_word' id='word_1_137' title='bbox 1602 1559 1725 1627; x_wconf 80' lang='lat' dir='ltr'>futures</span> <span class='ocrx_word' id='word_1_138' title='bbox 1744 1561 1947 1654; x_wconf 79' lang='lat' dir='ltr'>suspicamur,</span> <span class='ocrx_word' id='word_1_139' title='bbox 2024 1572 2026 1575; x_wconf 82' lang='grc'><strong>’</strong></span> 
     </span>
     <span class='ocr_line' id='line_1_11' title="bbox 213 1670 1946 1757; baseline 0.001 -18"><span class='ocrx_word' id='word_1_140' title='bbox 213 1672 355 1739; x_wconf 88' lang='lat' dir='ltr'>futurum</span> <span class='ocrx_word' id='word_1_141' title='bbox 377 1671 433 1753; x_wconf 79' lang='lat' dir='ltr'><strong>(f).</strong></span> <span class='ocrx_word' id='word_1_142' title='bbox 475 1671 620 1755; x_wconf 87' lang='lat' dir='ltr'>Denique</span> <span class='ocrx_word' id='word_1_143' title='bbox 641 1692 713 1738; x_wconf 88' lang='lat' dir='ltr'>oum</span> <span class='ocrx_word' id='word_1_144' title='bbox 733 1671 825 1757; x_wconf 76' lang='lat' dir='ltr'>vulgo</span> <span class='ocrx_word' id='word_1_145' title='bbox 846 1672 963 1754; x_wconf 79' lang='lat' dir='ltr'>dicunt,</span> <span class='ocrx_word' id='word_1_146' title='bbox 984 1670 1137 1739; x_wconf 75' lang='lat' dir='ltr'>Helenam</span> <span class='ocrx_word' id='word_1_147' title='bbox 1159 1678 1285 1757; x_wconf 84' lang='lat' dir='ltr'>reptem</span> <span class='ocrx_word' id='word_1_148' title='bbox 1305 1691 1392 1738; x_wconf 89' lang='lat' dir='ltr'>esse</span> <span class='ocrx_word' id='word_1_149' title='bbox 1413 1677 1446 1737; x_wconf 89' lang='lat' dir='ltr'>et</span> <span class='ocrx_word' id='word_1_150' title='bbox 1467 1671 1619 1757; x_wconf 87' lang='lat' dir='ltr'>Trojenos</span> <span class='ocrx_word' id='word_1_151' title='bbox 1638 1672 1737 1739; x_wconf 76' lang='lat' dir='ltr'>victos</span> <span class='ocrx_word' id='word_1_152' title='bbox 1765 1674 1864 1756; x_wconf 85' lang='lat' dir='ltr'>esse,¹</span> <span class='ocrx_word' id='word_1_153' title='bbox 1894 1694 1946 1740; x_wconf 83' lang='lat' dir='ltr'>cs·</span> 
     </span>
     <span class='ocr_line' id='line_1_12' title="bbox 213 1782 1947 1870; baseline 0 -18"><span class='ocrx_word' id='word_1_154' title='bbox 213 1786 347 1853; x_wconf 84' lang='lat' dir='ltr'>rendum</span> <span class='ocrx_word' id='word_1_155' title='bbox 367 1791 423 1867; x_wconf 87' lang='lat' dir='ltr'>est,</span> <span class='ocrx_word' id='word_1_156' title='bbox 445 1806 485 1851; x_wconf 96' lang='lat' dir='ltr'>ne</span> <span class='ocrx_word' id='word_1_157' title='bbox 506 1784 586 1852; x_wconf 74' lang='lat' dir='ltr'>haee</span> <span class='ocrx_word' id='word_1_158' title='bbox 606 1805 664 1870; x_wconf 87' lang='lat' dir='ltr'>per</span> <span class='ocrx_word' id='word_1_159' title='bbox 682 1805 718 1852; x_wconf 88' lang='lat' dir='ltr'>se</span> <span class='ocrx_word' id='word_1_160' title='bbox 738 1805 823 1851; x_wconf 88' lang='lat' dir='ltr'>esse</span> <span class='ocrx_word' id='word_1_161' title='bbox 845 1783 1023 1862; x_wconf 82' lang='lat' dir='ltr'>credcmns3</span> <span class='ocrx_word' id='word_1_162' title='bbox 1056 1804 1107 1850; x_wconf 92' lang='lat' dir='ltr'>res</span> <span class='ocrx_word' id='word_1_163' title='bbox 1140 1782 1224 1849; x_wconf 91' lang='lat' dir='ltr'>enim</span> <span class='ocrx_word' id='word_1_164' title='bbox 1244 1783 1319 1850; x_wconf 91' lang='lat' dir='ltr'>olim</span> <span class='ocrx_word' id='word_1_165' title='bbox 1341 1788 1448 1868; x_wconf 77' lang='lat' dir='ltr'>gestae</span> <span class='ocrx_word' id='word_1_166' title='bbox 1468 1803 1532 1849; x_wconf 93' lang='lat' dir='ltr'>non</span> <span class='ocrx_word' id='word_1_167' title='bbox 1552 1803 1611 1868; x_wconf 92' lang='lat' dir='ltr'>per</span> <span class='ocrx_word' id='word_1_168' title='bbox 1641 1803 1675 1850; x_wconf 89' lang='lat' dir='ltr'>se</span> <span class='ocrx_word' id='word_1_169' title='bbox 1706 1790 1860 1867; x_wconf 81' lang='lat' dir='ltr'>constent,</span> <span class='ocrx_word' id='word_1_170' title='bbox 1891 1785 1947 1852; x_wconf 89' lang='lat' dir='ltr'>sed</span> 
     </span>
     <span class='ocr_line' id='line_1_13' title="bbox 213 1892 1946 1982; baseline 0 -19"><span class='ocrx_word' id='word_1_171' title='bbox 213 1896 316 1963; x_wconf 85' lang='lat' dir='ltr'>inenis</span> <span class='ocrx_word' id='word_1_172' title='bbox 336 1902 370 1964; x_wconf 87' lang='lat' dir='ltr'>et</span> <span class='ocrx_word' id='word_1_173' title='bbox 390 1897 530 1982; x_wconf 85' lang='lat' dir='ltr'>corporis</span> <span class='ocrx_word' id='word_1_174' title='bbox 552 1901 627 1962; x_wconf 92' lang='lat' dir='ltr'>sunt</span> <span class='ocrx_word' id='word_1_175' title='bbox 649 1901 773 1977; x_wconf 75' lang='lat' dir='ltr'>events,</span> <span class='ocrx_word' id='word_1_176' title='bbox 801 1916 876 1962; x_wconf 80' lang='lat' dir='ltr'>num</span> <span class='ocrx_word' id='word_1_177' title='bbox 897 1896 925 1962; x_wconf 89' lang='lat' dir='ltr'>si</span> <span class='ocrx_word' id='word_1_178' title='bbox 945 1894 1066 1962; x_wconf 89' lang='lat' dir='ltr'>nullum</span> <span class='ocrx_word' id='word_1_179' title='bbox 1086 1915 1201 1981; x_wconf 87' lang='lat' dir='ltr'>corpus</span> <span class='ocrx_word' id='word_1_180' title='bbox 1221 1899 1255 1962; x_wconf 89' lang='lat' dir='ltr'>et</span> <span class='ocrx_word' id='word_1_181' title='bbox 1274 1895 1367 1962; x_wconf 79' lang='lat' dir='ltr'>inane</span> <span class='ocrx_word' id='word_1_182' title='bbox 1386 1892 1461 1961; x_wconf 89' lang='lat' dir='ltr'>olim</span> <span class='ocrx_word' id='word_1_183' title='bbox 1481 1894 1644 1975; x_wconf 74' lang='lat' dir='ltr'>extitisset,</span> <span class='ocrx_word' id='word_1_184' title='bbox 1674 1894 1754 1961; x_wconf 78' lang='lat' dir='ltr'>istae</span> <span class='ocrx_word' id='word_1_185' title='bbox 1784 1916 1836 1963; x_wconf 90' lang='lat' dir='ltr'>res</span> <span class='ocrx_word' id='word_1_186' title='bbox 1866 1917 1946 1971; x_wconf 83' lang='lat' dir='ltr'>nun·</span> 
     </span>
     <span class='ocr_line' id='line_1_14' title="bbox 215 2002 1828 2093; baseline -0.001 -18"><span class='ocrx_word' id='word_1_187' title='bbox 215 2028 310 2093; x_wconf 78' lang='lat' dir='ltr'>quam</span> <span class='ocrx_word' id='word_1_188' title='bbox 331 2012 438 2093; x_wconf 81' lang='lat' dir='ltr'>gestes</span> <span class='ocrx_word' id='word_1_189' title='bbox 459 2008 601 2078; x_wconf 77' lang='lat' dir='ltr'>inissent</span> <span class='ocrx_word' id='word_1_190' title='bbox 645 2005 757 2092; x_wconf 75' lang='lat' dir='ltr'>Itaque</span> <span class='ocrx_word' id='word_1_191' title='bbox 780 2006 934 2092; x_wconf 88' lang='lat' dir='ltr'>quidquid</span> <span class='ocrx_word' id='word_1_192' title='bbox 953 2012 1060 2073; x_wconf 86' lang='lat' dir='ltr'>ectum</span> <span class='ocrx_word' id='word_1_193' title='bbox 1080 2012 1137 2087; x_wconf 75' lang='lat' dir='ltr'>est</span> <span class='ocrx_word' id='word_1_194' title='bbox 1158 2011 1304 2072; x_wconf 81' lang='lat' dir='ltr'>euentum</span> <span class='ocrx_word' id='word_1_195' title='bbox 1324 2010 1373 2072; x_wconf 90' lang='lat' dir='ltr'>est</span> <span class='ocrx_word' id='word_1_196' title='bbox 1391 2002 1441 2071; x_wconf 80' lang='lat' dir='ltr'>vul</span> <span class='ocrx_word' id='word_1_197' title='bbox 1460 2004 1554 2071; x_wconf 87' lang='lat' dir='ltr'>rebus</span> <span class='ocrx_word' id='word_1_198' title='bbox 1573 2003 1622 2072; x_wconf 84' lang='lat' dir='ltr'>rel</span> <span class='ocrx_word' id='word_1_199' title='bbox 1643 2005 1828 2091; x_wconf 81' lang='lat' dir='ltr'>regionibns</span> 
     </span>
     <span class='ocr_line' id='line_1_15' title="bbox 364 2116 1947 2206; baseline 0 -21"><span class='ocrx_word' id='word_1_200' title='bbox 364 2119 413 2206; x_wconf 85' lang='lat' dir='ltr'>(e)</span> <span class='ocrx_word' id='word_1_201' title='bbox 431 2118 612 2203; x_wconf 73' lang='lat' dir='ltr'>Leucippus</span> <span class='ocrx_word' id='word_1_202' title='bbox 635 2124 668 2184; x_wconf 87' lang='lat' dir='ltr'>et</span> <span class='ocrx_word' id='word_1_203' title='bbox 681 2117 880 2185; x_wconf 77' lang='lat' dir='ltr'>Democritus</span> <span class='ocrx_word' id='word_1_204' title='bbox 889 2139 995 2187; x_wconf 86' lang='lat' dir='ltr'>rernm</span> <span class='ocrx_word' id='word_1_205' title='bbox 1009 2118 1163 2185; x_wconf 88' lang='lat' dir='ltr'>elements</span> <span class='ocrx_word' id='word_1_206' title='bbox 1182 2118 1310 2204; x_wconf 90' lang='lat' dir='ltr'>plenum</span> <span class='ocrx_word' id='word_1_207' title='bbox 1330 2122 1364 2184; x_wconf 92' lang='lat' dir='ltr'>et</span> <span class='ocrx_word' id='word_1_208' title='bbox 1382 2116 1475 2183; x_wconf 82' lang='lat' dir='ltr'>inune</span> <span class='ocrx_word' id='word_1_209' title='bbox 1486 2137 1553 2183; x_wconf 87' lang='lat' dir='ltr'>esse</span> <span class='ocrx_word' id='word_1_210' title='bbox 1563 2121 1750 2200; x_wconf 76' lang='lat' dir='ltr'>statuerunt,</span> <span class='ocrx_word' id='word_1_211' title='bbox 1770 2118 1849 2185; x_wconf 88' lang='lat' dir='ltr'>illud</span> <span class='ocrx_word' id='word_1_212' title='bbox 1859 2119 1947 2202; x_wconf 72' lang='lat' dir='ltr'>entis,</span> 
     </span>
     <span class='ocr_line' id='line_1_16' title="bbox 314 2227 1947 2315; baseline 0.001 -19"><span class='ocrx_word' id='word_1_213' title='bbox 314 2230 376 2297; x_wconf 88' lang='lat' dir='ltr'>hoc</span> <span class='ocrx_word' id='word_1_214' title='bbox 395 2250 459 2297; x_wconf 92' lang='lat' dir='ltr'>non</span> <span class='ocrx_word' id='word_1_215' title='bbox 481 2230 563 2296; x_wconf 86' lang='lat' dir='ltr'>eutis</span> <span class='ocrx_word' id='word_1_216' title='bbox 586 2228 711 2297; x_wconf 88' lang='lat' dir='ltr'>nomine</span> <span class='ocrx_word' id='word_1_217' title='bbox 732 2234 887 2299; x_wconf 78' lang='lat' dir='ltr'>vocantes</span> <span class='ocrx_word' id='word_1_218' title='bbox 929 2227 1028 2294; x_wconf 91' lang='lat' dir='ltr'>Iidem</span> <span class='ocrx_word' id='word_1_219' title='bbox 1049 2249 1105 2296; x_wconf 88' lang='lat' dir='ltr'>ens</span> <span class='ocrx_word' id='word_1_220' title='bbox 1125 2227 1253 2315; x_wconf 90' lang='lat' dir='ltr'>plenum</span> <span class='ocrx_word' id='word_1_221' title='bbox 1273 2234 1306 2295; x_wconf 85' lang='lat' dir='ltr'>et</span> <span class='ocrx_word' id='word_1_222' title='bbox 1326 2227 1475 2310; x_wconf 88' lang='lat' dir='ltr'>solidum,</span> <span class='ocrx_word' id='word_1_223' title='bbox 1503 2247 1567 2294; x_wconf 92' lang='lat' dir='ltr'>non</span> <span class='ocrx_word' id='word_1_224' title='bbox 1588 2248 1643 2294; x_wconf 92' lang='lat' dir='ltr'>ens</span> <span class='ocrx_word' id='word_1_225' title='bbox 1673 2229 1766 2296; x_wconf 79' lang='lat' dir='ltr'>inane</span> <span class='ocrx_word' id='word_1_226' title='bbox 1786 2236 1820 2297; x_wconf 87' lang='lat' dir='ltr'>et</span> <span class='ocrx_word' id='word_1_227' title='bbox 1839 2250 1947 2298; x_wconf 81' lang='lat' dir='ltr'>rurum</span> 
     </span>
     <span class='ocr_line' id='line_1_17' title="bbox 312 2340 1947 2428; baseline 0.001 -19"><span class='ocrx_word' id='word_1_228' title='bbox 312 2362 380 2409; x_wconf 87' lang='lat' dir='ltr'>esse</span> <span class='ocrx_word' id='word_1_229' title='bbox 400 2341 575 2408; x_wconf 81' lang='lat' dir='ltr'>voluerunt</span> <span class='ocrx_word' id='word_1_230' title='bbox 620 2341 725 2419; x_wconf 81' lang='lat' dir='ltr'>Qunre</span> <span class='ocrx_word' id='word_1_231' title='bbox 745 2340 843 2409; x_wconf 87' lang='lat' dir='ltr'>nihilo</span> <span class='ocrx_word' id='word_1_232' title='bbox 864 2342 965 2427; x_wconf 74' lang='lat' dir='ltr'>magis</span> <span class='ocrx_word' id='word_1_233' title='bbox 996 2363 1051 2409; x_wconf 93' lang='lat' dir='ltr'>ens</span> <span class='ocrx_word' id='word_1_234' title='bbox 1080 2361 1176 2425; x_wconf 83' lang='lat' dir='ltr'>quum</span> <span class='ocrx_word' id='word_1_235' title='bbox 1206 2361 1270 2407; x_wconf 92' lang='lat' dir='ltr'>non</span> <span class='ocrx_word' id='word_1_236' title='bbox 1300 2361 1356 2408; x_wconf 88' lang='lat' dir='ltr'>ens</span> <span class='ocrx_word' id='word_1_237' title='bbox 1387 2360 1455 2408; x_wconf 84' lang='lat' dir='ltr'>esse</span> <span class='ocrx_word' id='word_1_238' title='bbox 1485 2341 1588 2426; x_wconf 78' lang='lat' dir='ltr'>ajunt,</span> <span class='ocrx_word' id='word_1_239' title='bbox 1620 2343 1695 2428; x_wconf 84' lang='lat' dir='ltr'>quie</span> <span class='ocrx_word' id='word_1_240' title='bbox 1725 2364 1784 2410; x_wconf 87' lang='lat' dir='ltr'>nee</span> <span class='ocrx_word' id='word_1_241' title='bbox 1814 2363 1947 2410; x_wconf 77' lang='lat' dir='ltr'>vacuum</span> 
     </span>
     <span class='ocr_line' id='line_1_18' title="bbox 315 2452 1947 2539; baseline 0.002 -22"><span class='ocrx_word' id='word_1_242' title='bbox 315 2453 415 2538; x_wconf 77' lang='lat' dir='ltr'>magis</span> <span class='ocrx_word' id='word_1_243' title='bbox 438 2472 535 2537; x_wconf 84' lang='lat' dir='ltr'>quem</span> <span class='ocrx_word' id='word_1_244' title='bbox 557 2472 673 2537; x_wconf 85' lang='lat' dir='ltr'>corpus</span> <span class='ocrx_word' id='word_1_245' title='bbox 694 2454 744 2522; x_wconf 86' lang='lat' dir='ltr'>sit.</span> <span class='ocrx_word' id='word_1_246' title='bbox 786 2453 1085 2522; x_wconf 82' lang='lat' dir='ltr'>Hcseutemrerum</span> <span class='ocrx_word' id='word_1_247' title='bbox 1107 2473 1232 2533; x_wconf 82' lang='lat' dir='ltr'>censes,</span> <span class='ocrx_word' id='word_1_248' title='bbox 1253 2457 1291 2519; x_wconf 91' lang='lat' dir='ltr'>nt</span> <span class='ocrx_word' id='word_1_249' title='bbox 1310 2453 1475 2518; x_wconf 79' lang='lat' dir='ltr'>materiem</span> <span class='ocrx_word' id='word_1_250' title='bbox 1495 2472 1572 2520; x_wconf 86' lang='lat' dir='ltr'>esse.</span> <span class='ocrx_word' id='word_1_251' title='bbox 1614 2453 1742 2520; x_wconf 80' lang='lat' dir='ltr'>Aristot</span> <span class='ocrx_word' id='word_1_252' title='bbox 1763 2452 1851 2539; x_wconf 86' lang='lat' dir='ltr'>phys</span> <span class='ocrx_word' id='word_1_253' title='bbox 1871 2454 1947 2536; x_wconf 63' lang='lat' dir='ltr'>Li„</span> 
     </span>
     <span class='ocr_line' id='line_1_19' title="bbox 313 2560 1946 2651; baseline -0.001 -20"><span class='ocrx_word' id='word_1_254' title='bbox 313 2565 493 2640; x_wconf 78' lang='grc' dir='ltr'>Λεύκιππος</span> <span class='ocrx_word' id='word_1_255' title='bbox 515 2565 550 2629; x_wconf 75' lang='lat' dir='ltr'>di</span> <span class='ocrx_word' id='word_1_256' title='bbox 570 2565 619 2629; x_wconf 73' lang='lat' dir='ltr'>uui</span> <span class='ocrx_word' id='word_1_257' title='bbox 642 2561 801 2649; x_wconf 66' lang='lat' dir='ltr'>dissipor</span> <span class='ocrx_word' id='word_1_258' title='bbox 815 2564 911 2630; x_wconf 69' lang='grc' dir='ltr'>αὐτοῦ</span> <span class='ocrx_word' id='word_1_259' title='bbox 930 2566 1126 2650; x_wconf 81' lang='grc' dir='ltr'>Δημόκριτος</span> <span class='ocrx_word' id='word_1_260' title='bbox 1147 2572 1286 2645; x_wconf 73' lang='grc' dir='ltr'>στοιχεῖα</span> <span class='ocrx_word' id='word_1_261' title='bbox 1295 2567 1352 2648; x_wconf 72' lang='grc' dir='ltr'>μὲν</span> <span class='ocrx_word' id='word_1_262' title='bbox 1372 2560 1409 2628; x_wconf 70' lang='grc' dir='ltr'>ια’</span> <span class='ocrx_word' id='word_1_263' title='bbox 1419 2569 1529 2648; x_wconf 79' lang='grc' dir='ltr'><strong><em>πλῆρες</em></strong></span> <span class='ocrx_word' id='word_1_264' title='bbox 1548 2565 1598 2627; x_wconf 75' lang='grc' dir='ltr'>καὶ</span> <span class='ocrx_word' id='word_1_265' title='bbox 1618 2563 1654 2629; x_wconf 82' lang='lat' dir='ltr'>rd</span> <span class='ocrx_word' id='word_1_266' title='bbox 1674 2564 1762 2629; x_wconf 76' lang='grc' dir='ltr'>κενόν</span> <span class='ocrx_word' id='word_1_267' title='bbox 1771 2561 1849 2629; x_wconf 71' lang='grc' dir='ltr'><strong>εἶναι</strong></span> <span class='ocrx_word' id='word_1_268' title='bbox 1860 2592 1946 2651; x_wconf 82' lang='grc' dir='ltr'><strong>φασι,</strong></span> 
     </span>
     <span class='ocr_line' id='line_1_20' title="bbox 312 2671 1944 2760; baseline 0.001 -19"><span class='ocrx_word' id='word_1_269' title='bbox 312 2678 449 2757; x_wconf 68' lang='grc' dir='ltr'>λέγοντες</span> <span class='ocrx_word' id='word_1_270' title='bbox 469 2671 506 2741; x_wconf 75' lang='lat' dir='ltr'>cd</span> <span class='ocrx_word' id='word_1_271' title='bbox 527 2676 584 2757; x_wconf 75' lang='grc' dir='ltr'>μὲν</span> <span class='ocrx_word' id='word_1_272' title='bbox 606 2673 650 2756; x_wconf 83' lang='grc' dir='ltr'>ὄν,</span> <span class='ocrx_word' id='word_1_273' title='bbox 672 2672 708 2740; x_wconf 75' lang='grc' dir='ltr'>τὰ</span> <span class='ocrx_word' id='word_1_274' title='bbox 732 2677 765 2739; x_wconf 80' lang='grc' dir='ltr'>δὲ</span> <span class='ocrx_word' id='word_1_275' title='bbox 786 2673 833 2758; x_wconf 73' lang='grc' dir='ltr'>μή</span> <span class='ocrx_word' id='word_1_276' title='bbox 857 2671 901 2755; x_wconf 75' lang='grc' dir='ltr'>ὅν,</span> <span class='ocrx_word' id='word_1_277' title='bbox 929 2673 1048 2740; x_wconf 73' lang='grc' dir='ltr'>τούτων</span> <span class='ocrx_word' id='word_1_278' title='bbox 1070 2675 1104 2739; x_wconf 76' lang='grc' dir='ltr'>δὲ</span> <span class='ocrx_word' id='word_1_279' title='bbox 1124 2674 1160 2740; x_wconf 75' lang='grc' dir='ltr'>τὰ</span> <span class='ocrx_word' id='word_1_280' title='bbox 1180 2674 1237 2756; x_wconf 74' lang='grc' dir='ltr'>μὲν</span> <span class='ocrx_word' id='word_1_281' title='bbox 1257 2682 1367 2760; x_wconf 59' lang='lat' dir='ltr'>uidete</span> <span class='ocrx_word' id='word_1_282' title='bbox 1391 2677 1441 2739; x_wconf 79' lang='grc' dir='ltr'>καὶ</span> <span class='ocrx_word' id='word_1_283' title='bbox 1472 2673 1595 2759; x_wconf 73' lang='grc' dir='ltr'>στερεὰν</span> <span class='ocrx_word' id='word_1_284' title='bbox 1615 2675 1652 2739; x_wconf 80' lang='lat' dir='ltr'>rd</span> <span class='ocrx_word' id='word_1_285' title='bbox 1673 2672 1718 2756; x_wconf 80' lang='grc' dir='ltr'>ὄν,</span> <span class='ocrx_word' id='word_1_286' title='bbox 1747 2674 1784 2741; x_wconf 76' lang='lat' dir='ltr'>td</span> <span class='ocrx_word' id='word_1_287' title='bbox 1806 2678 1840 2741; x_wconf 75' lang='lat' dir='ltr'>dd</span> <span class='ocrx_word' id='word_1_288' title='bbox 1858 2676 1944 2743; x_wconf 82' lang='grc' dir='ltr'>κενόν</span> 
     </span>
     <span class='ocr_line' id='line_1_21' title="bbox 312 2781 1945 2873; baseline 0.003 -23"><span class='ocrx_word' id='word_1_289' title='bbox 312 2809 345 2870; x_wconf 76' lang='grc' dir='ltr'>γε</span> <span class='ocrx_word' id='word_1_290' title='bbox 366 2787 418 2850; x_wconf 75' lang='grc' dir='ltr'>καὶ</span> <span class='ocrx_word' id='word_1_291' title='bbox 438 2783 539 2866; x_wconf 73' lang='grc' dir='ltr'>μανον</span> <span class='ocrx_word' id='word_1_292' title='bbox 561 2784 599 2851; x_wconf 77' lang='grc' dir='ltr'>το</span> <span class='ocrx_word' id='word_1_293' title='bbox 621 2786 665 2871; x_wconf 74' lang='grc' dir='ltr'>μή</span> <span class='ocrx_word' id='word_1_294' title='bbox 688 2782 735 2866; x_wconf 84' lang='lat' dir='ltr'>dr,</span> <span class='ocrx_word' id='word_1_295' title='bbox 757 2783 820 2864; x_wconf 76' lang='lat' dir='ltr'>(ded</span> <span class='ocrx_word' id='word_1_296' title='bbox 845 2787 895 2850; x_wconf 79' lang='grc' dir='ltr'>καὶ</span> <span class='ocrx_word' id='word_1_297' title='bbox 916 2785 1013 2850; x_wconf 71' lang='grc' dir='ltr'>ον’θέν</span> <span class='ocrx_word' id='word_1_298' title='bbox 1032 2790 1153 2865; x_wconf 80' lang='grc' dir='ltr'>μᾶλλον</span> <span class='ocrx_word' id='word_1_299' title='bbox 1172 2783 1208 2848; x_wconf 69' lang='grc' dir='ltr'>ια’</span> <span class='ocrx_word' id='word_1_300' title='bbox 1231 2784 1267 2851; x_wconf 77' lang='grc' dir='ltr'>ὂν</span> <span class='ocrx_word' id='word_1_301' title='bbox 1287 2791 1343 2851; x_wconf 77' lang='grc' dir='ltr'>τοῦ</span> <span class='ocrx_word' id='word_1_302' title='bbox 1362 2782 1406 2868; x_wconf 68' lang='grc' dir='ltr'>μῆ</span> <span class='ocrx_word' id='word_1_303' title='bbox 1429 2781 1517 2862; x_wconf 72' lang='grc' dir='ltr'>ὄντος</span> <span class='ocrx_word' id='word_1_304' title='bbox 1530 2782 1607 2851; x_wconf 63' lang='grc' dir='ltr'><strong>εἶναι</strong></span> <span class='ocrx_word' id='word_1_305' title='bbox 1624 2811 1728 2873; x_wconf 82' lang='grc' dir='ltr'><strong>φασιν,</strong></span> <span class='ocrx_word' id='word_1_306' title='bbox 1750 2785 1797 2853; x_wconf 79' lang='grc' dir='ltr'>ὅτι</span> <span class='ocrx_word' id='word_1_307' title='bbox 1818 2789 1889 2855; x_wconf 67' lang='grc' dir='ltr'>οὐδὲ</span> <span class='ocrx_word' id='word_1_308' title='bbox 1907 2787 1945 2856; x_wconf 71' lang='lat' dir='ltr'>cd</span> 
     </span>
     <span class='ocr_line' id='line_1_22' title="bbox 313 2891 1945 2984; baseline 0.002 -23"><span class='ocrx_word' id='word_1_309' title='bbox 313 2894 402 2961; x_wconf 76' lang='grc' dir='ltr'>κενὸν</span> <span class='ocrx_word' id='word_1_310' title='bbox 422 2899 479 2961; x_wconf 79' lang='grc' dir='ltr'>τοῦ</span> <span class='ocrx_word' id='word_1_311' title='bbox 503 2893 667 2984; x_wconf 75' lang='grc' dir='ltr'>σώματος)</span> <span class='ocrx_word' id='word_1_312' title='bbox 692 2898 773 2962; x_wconf 72' lang='grc' dir='ltr'><strong>αἴτια</strong></span> <span class='ocrx_word' id='word_1_313' title='bbox 795 2899 828 2961; x_wconf 78' lang='grc' dir='ltr'>δὲ</span> <span class='ocrx_word' id='word_1_314' title='bbox 848 2900 911 2960; x_wconf 78' lang='grc' dir='ltr'>τῶν</span> <span class='ocrx_word' id='word_1_315' title='bbox 932 2891 1033 2959; x_wconf 78' lang='grc' dir='ltr'>ὄντων</span> <span class='ocrx_word' id='word_1_316' title='bbox 1054 2899 1151 2958; x_wconf 77' lang='grc' dir='ltr'><strong>ταῦτα</strong></span> <span class='ocrx_word' id='word_1_317' title='bbox 1174 2891 1216 2972; x_wconf 79' lang='grc' dir='ltr'>ὦς</span> <span class='ocrx_word' id='word_1_318' title='bbox 1235 2893 1318 2978; x_wconf 72' lang='grc' dir='ltr'>ὕλην.</span> <span class='ocrx_word' id='word_1_319' title='bbox 1361 2892 1423 2960; x_wconf 86' lang='lat' dir='ltr'>Pro</span> <span class='ocrx_word' id='word_1_320' title='bbox 1451 2892 1487 2960; x_wconf 79' lang='grc' dir='ltr'>ὂν</span> <span class='ocrx_word' id='word_1_321' title='bbox 1506 2895 1704 2963; x_wconf 76' lang='lat' dir='ltr'>Democritus</span> <span class='ocrx_word' id='word_1_322' title='bbox 1730 2898 1871 2969; x_wconf 72' lang='lat' dir='ltr'>dicebat·</span> <span class='ocrx_word' id='word_1_323' title='bbox 1884 2901 1945 2983; x_wconf 72' lang='lat' dir='ltr'>dtr,</span> 
     </span>
     <span class='ocr_line' id='line_1_23' title="bbox 314 2998 1948 3096; baseline 0.003 -24"><span class='ocrx_word' id='word_1_324' title='bbox 314 3027 373 3092; x_wconf 84' lang='lat' dir='ltr'>pro</span> <span class='ocrx_word' id='word_1_325' title='bbox 393 3003 438 3091; x_wconf 72' lang='grc' dir='ltr'>μή</span> <span class='ocrx_word' id='word_1_326' title='bbox 461 3001 497 3071; x_wconf 78' lang='lat' dir='ltr'>dr</span> <span class='ocrx_word' id='word_1_327' title='bbox 516 3025 590 3071; x_wconf 81' lang='lat' dir='ltr'>vero</span> <span class='ocrx_word' id='word_1_328' title='bbox 615 3007 722 3088; x_wconf 74' lang='grc' dir='ltr'>μηδέν.</span> <span class='ocrx_word' id='word_1_329' title='bbox 765 3003 928 3071; x_wconf 77' lang='lat' dir='ltr'>Plutarch.</span> <span class='ocrx_word' id='word_1_330' title='bbox 949 3001 1019 3069; x_wconf 79' lang='lat' dir='ltr'>adv.</span> <span class='ocrx_word' id='word_1_331' title='bbox 1042 2998 1141 3067; x_wconf 82' lang='lat' dir='ltr'>Colot.</span> <span class='ocrx_word' id='word_1_332' title='bbox 1162 3021 1193 3085; x_wconf 90' lang='lat' dir='ltr'>p.</span> <span class='ocrx_word' id='word_1_333' title='bbox 1216 3002 1311 3076; x_wconf 91' lang='grc'><strong>1108.</strong></span> <span class='ocrx_word' id='word_1_334' title='bbox 1355 3004 1400 3083; x_wconf 80' lang='grc' dir='ltr'>οἷς</span> <span class='ocrx_word' id='word_1_335' title='bbox 1421 3007 1487 3072; x_wconf 74' lang='grc' dir='ltr'>οὐδ’</span> <span class='ocrx_word' id='word_1_336' title='bbox 1509 3005 1584 3092; x_wconf 79' lang='lat' dir='ltr'>drap</span> <span class='ocrx_word' id='word_1_337' title='bbox 1605 3007 1740 3090; x_wconf 73' lang='grc' dir='ltr'>ἐντυχὼν</span> <span class='ocrx_word' id='word_1_338' title='bbox 1761 3008 1779 3073; x_wconf 84' lang='lat' dir='ltr'>o‘</span> <span class='ocrx_word' id='word_1_339' title='bbox 1799 3011 1948 3096; x_wconf 77' lang='grc' dir='ltr'><strong><em>Κολώτης</em></strong></span> 
     </span>
     <span class='ocr_line' id='line_1_24' title="bbox 313 3105 1947 3205; baseline 0.002 -23"><span class='ocrx_word' id='word_1_340' title='bbox 313 3115 433 3205; x_wconf 65' lang='grc' dir='ltr'>ἔσφάλη</span> <span class='ocrx_word' id='word_1_341' title='bbox 453 3116 520 3199; x_wconf 73' lang='grc' dir='ltr'>περὶ</span> <span class='ocrx_word' id='word_1_342' title='bbox 541 3117 620 3192; x_wconf 60' lang='lat' dir='ltr'>usar</span> <span class='ocrx_word' id='word_1_343' title='bbox 640 3120 697 3180; x_wconf 77' lang='grc' dir='ltr'>τοῦ</span> <span class='ocrx_word' id='word_1_344' title='bbox 723 3114 850 3199; x_wconf 63' lang='grc' dir='ltr'>ἀνδρός,</span> <span class='ocrx_word' id='word_1_345' title='bbox 867 3116 901 3179; x_wconf 77' lang='grc' dir='ltr'>ἐν</span> <span class='ocrx_word' id='word_1_346' title='bbox 920 3105 942 3202; x_wconf 77' lang='grc' dir='ltr'><strong><em>ᾖ</em></strong></span> <span class='ocrx_word' id='word_1_347' title='bbox 963 3117 1133 3198; x_wconf 75' lang='grc' dir='ltr'>διορίζεται,</span> <span class='ocrx_word' id='word_1_348' title='bbox 1153 3114 1198 3199; x_wconf 76' lang='grc' dir='ltr'><strong><em>μή</em></strong></span> <span class='ocrx_word' id='word_1_349' title='bbox 1218 3120 1338 3199; x_wconf 79' lang='grc' dir='ltr'>μᾶλλον</span> <span class='ocrx_word' id='word_1_350' title='bbox 1358 3115 1394 3183; x_wconf 75' lang='lat' dir='ltr'>td</span> <span class='ocrx_word' id='word_1_351' title='bbox 1417 3118 1479 3195; x_wconf 69' lang='lat' dir='ltr'>utu,</span> <span class='ocrx_word' id='word_1_352' title='bbox 1500 3118 1522 3203; x_wconf 77' lang='grc' dir='ltr'><em>ἢ</em></span> <span class='ocrx_word' id='word_1_353' title='bbox 1540 3116 1578 3183; x_wconf 76' lang='grc' dir='ltr'>τό</span> <span class='ocrx_word' id='word_1_354' title='bbox 1598 3119 1693 3205; x_wconf 71' lang='grc' dir='ltr'>μηδὲν</span> <span class='ocrx_word' id='word_1_355' title='bbox 1715 3116 1796 3203; x_wconf 68' lang='grc' dir='ltr'><strong>εἶναι,</strong></span> <span class='ocrx_word' id='word_1_356' title='bbox 1818 3122 1869 3185; x_wconf 70' lang='grc' dir='ltr'>δέν</span> <span class='ocrx_word' id='word_1_357' title='bbox 1889 3123 1947 3203; x_wconf 70' lang='grc' dir='ltr'>μὲν</span> 
     </span>
     <span class='ocr_line' id='line_1_25' title="bbox 314 3220 1944 3313; baseline 0.004 -20"><span class='ocrx_word' id='word_1_358' title='bbox 314 3223 534 3311; x_wconf 70' lang='grc' dir='ltr'>ὀνομάζοιντο</span> <span class='ocrx_word' id='word_1_359' title='bbox 558 3232 658 3308; x_wconf 77' lang='grc' dir='ltr'><strong>σῶμα,</strong></span> <span class='ocrx_word' id='word_1_360' title='bbox 679 3228 776 3313; x_wconf 76' lang='grc' dir='ltr'>μηδὲν</span> <span class='ocrx_word' id='word_1_361' title='bbox 798 3230 831 3292; x_wconf 76' lang='grc' dir='ltr'>δὲ</span> <span class='ocrx_word' id='word_1_362' title='bbox 851 3226 887 3294; x_wconf 69' lang='lat' dir='ltr'>ro*</span> <span class='ocrx_word' id='word_1_363' title='bbox 910 3224 1008 3302; x_wconf 73' lang='grc' dir='ltr'>κενόν,</span> <span class='ocrx_word' id='word_1_364' title='bbox 1030 3220 1072 3300; x_wconf 77' lang='grc' dir='ltr'>ὦς</span> <span class='ocrx_word' id='word_1_365' title='bbox 1091 3226 1142 3287; x_wconf 77' lang='grc' dir='ltr'>καὶ</span> <span class='ocrx_word' id='word_1_366' title='bbox 1161 3224 1276 3290; x_wconf 74' lang='grc' dir='ltr'>τούτου</span> <span class='ocrx_word' id='word_1_367' title='bbox 1298 3226 1461 3312; x_wconf 71' lang='grc' dir='ltr'>φύσινκαὶ</span> <span class='ocrx_word' id='word_1_368' title='bbox 1483 3226 1653 3295; x_wconf 67' lang='grc' dir='ltr'><strong>ὑπόστασιν</strong></span> <span class='ocrx_word' id='word_1_369' title='bbox 1674 3227 1753 3293; x_wconf 76' lang='grc' dir='ltr'>ἰδίαν</span> <span class='ocrx_word' id='word_1_370' title='bbox 1774 3226 1905 3312; x_wconf 66' lang='grc' dir='ltr'>ἔχοντος.Ι</span> <span class='ocrx_word' id='word_1_371' title='bbox 1920 3234 1944 3308; x_wconf 86' lang='grc'>1)</span> 
     </span>
     <span class='ocr_line' id='line_1_26' title="bbox 318 3333 1949 3424; baseline 0.002 -22"><span class='ocrx_word' id='word_1_372' title='bbox 318 3338 474 3423; x_wconf 85' lang='lat' dir='ltr'>Epicurus</span> <span class='ocrx_word' id='word_1_373' title='bbox 496 3356 610 3421; x_wconf 89' lang='lat' dir='ltr'>corpus</span> <span class='ocrx_word' id='word_1_374' title='bbox 630 3335 664 3402; x_wconf 94' lang='lat' dir='ltr'>id</span> <span class='ocrx_word' id='word_1_375' title='bbox 686 3358 753 3403; x_wconf 88' lang='lat' dir='ltr'>esse</span> <span class='ocrx_word' id='word_1_376' title='bbox 775 3336 897 3417; x_wconf 86' lang='lat' dir='ltr'>definit,</span> <span class='ocrx_word' id='word_1_377' title='bbox 928 3333 1014 3421; x_wconf 93' lang='lat' dir='ltr'>quod</span> <span class='ocrx_word' id='word_1_378' title='bbox 1044 3355 1137 3418; x_wconf 83' lang='lat' dir='ltr'>egere</span> <span class='ocrx_word' id='word_1_379' title='bbox 1168 3333 1216 3399; x_wconf 83' lang='lat' dir='ltr'>vel</span> <span class='ocrx_word' id='word_1_380' title='bbox 1247 3333 1373 3403; x_wconf 78' lang='lat' dir='ltr'>afficere</span> <span class='ocrx_word' id='word_1_381' title='bbox 1404 3344 1437 3403; x_wconf 87' lang='lat' dir='ltr'>et</span> <span class='ocrx_word' id='word_1_382' title='bbox 1461 3339 1530 3423; x_wconf 83' lang='lat' dir='ltr'>peti</span> <span class='ocrx_word' id='word_1_383' title='bbox 1547 3337 1597 3403; x_wconf 84' lang='lat' dir='ltr'>vel</span> <span class='ocrx_word' id='word_1_384' title='bbox 1617 3338 1701 3405; x_wconf 80' lang='lat' dir='ltr'>affici</span> <span class='ocrx_word' id='word_1_385' title='bbox 1720 3341 1820 3424; x_wconf 87' lang='lat' dir='ltr'>pessit</span> <span class='ocrx_word' id='word_1_386' title='bbox 1841 3347 1949 3419; x_wconf 77' lang='grc' dir='ltr'>(ποιεῖν</span> 
     </span>
     <span class='ocr_line' id='line_1_27' title="bbox 186 3446 1947 3538; baseline 0.003 -24"><span class='ocrx_word' id='word_1_387' title='bbox 186 3488 191 3500; x_wconf 90' lang='lat'>.</span> <span class='ocrx_word' id='word_1_388' title='bbox 316 3453 366 3514; x_wconf 80' lang='grc' dir='ltr'>καὶ</span> <span class='ocrx_word' id='word_1_389' title='bbox 387 3448 547 3532; x_wconf 74' lang='grc' dir='ltr'><strong>πάσχειν),</strong></span> <span class='ocrx_word' id='word_1_390' title='bbox 568 3446 721 3533; x_wconf 89' lang='lat' dir='ltr'>quidquid</span> <span class='ocrx_word' id='word_1_391' title='bbox 742 3469 805 3516; x_wconf 91' lang='lat' dir='ltr'>non</span> <span class='ocrx_word' id='word_1_392' title='bbox 825 3449 933 3534; x_wconf 87' lang='lat' dir='ltr'>possit,</span> <span class='ocrx_word' id='word_1_393' title='bbox 953 3448 1172 3531; x_wconf 88' lang='lat' dir='ltr'>incorporeum</span> <span class='ocrx_word' id='word_1_394' title='bbox 1194 3447 1391 3538; x_wconf 66' lang='grc' dir='ltr'>(ἀσώματον)</span> <span class='ocrx_word' id='word_1_395' title='bbox 1418 3448 1513 3534; x_wconf 88' lang='lat' dir='ltr'>idque</span> <span class='ocrx_word' id='word_1_396' title='bbox 1533 3470 1630 3516; x_wconf 90' lang='lat' dir='ltr'>unum</span> <span class='ocrx_word' id='word_1_397' title='bbox 1649 3450 1742 3517; x_wconf 76' lang='lat' dir='ltr'>inane</span> <span class='ocrx_word' id='word_1_398' title='bbox 1773 3473 1841 3518; x_wconf 90' lang='lat' dir='ltr'>esse</span> <span class='ocrx_word' id='word_1_399' title='bbox 1862 3451 1947 3523; x_wconf 84' lang='lat' dir='ltr'>dicit</span> 
     </span>
     <span class='ocr_line' id='line_1_28' title="bbox 315 3554 1947 3650; baseline 0.002 -25"><span class='ocrx_word' id='word_1_400' title='bbox 315 3558 405 3644; x_wconf 77' lang='lat' dir='ltr'>Diog.</span> <span class='ocrx_word' id='word_1_401' title='bbox 426 3558 463 3625; x_wconf 65' lang='lat' dir='ltr'>Iu.</span> <span class='ocrx_word' id='word_1_402' title='bbox 484 3558 523 3639; x_wconf 78' lang='lat' dir='ltr'>X,</span> <span class='ocrx_word' id='word_1_403' title='bbox 547 3559 596 3629; x_wconf 82' lang='lat'>67.</span> <span class='ocrx_word' id='word_1_404' title='bbox 639 3560 676 3626; x_wconf 73' lang='lat' dir='ltr'>td</span> <span class='ocrx_word' id='word_1_405' title='bbox 699 3558 857 3643; x_wconf 76' lang='grc' dir='ltr'>δρώμενον</span> <span class='ocrx_word' id='word_1_406' title='bbox 877 3560 898 3645; x_wconf 78' lang='grc' dir='ltr'><em>ἢ</em></span> <span class='ocrx_word' id='word_1_407' title='bbox 919 3557 1043 3650; x_wconf 74' lang='grc' dir='ltr'>πάσχον</span> <span class='ocrx_word' id='word_1_408' title='bbox 1064 3555 1157 3639; x_wconf 73' lang='grc' dir='ltr'>σῶμα</span> <span class='ocrx_word' id='word_1_409' title='bbox 1179 3557 1251 3637; x_wconf 71' lang='grc' dir='ltr'><strong>ἔστι,</strong></span> <span class='ocrx_word' id='word_1_410' title='bbox 1278 3554 1315 3623; x_wconf 77' lang='lat' dir='ltr'>sd</span> <span class='ocrx_word' id='word_1_411' title='bbox 1338 3562 1371 3625; x_wconf 73' lang='grc' dir='ltr'>δὲ</span> <span class='ocrx_word' id='word_1_412' title='bbox 1390 3561 1477 3625; x_wconf 77' lang='grc' dir='ltr'>κενον</span> <span class='ocrx_word' id='word_1_413' title='bbox 1498 3559 1566 3626; x_wconf 74' lang='grc' dir='ltr'>οὔτε</span> <span class='ocrx_word' id='word_1_414' title='bbox 1594 3568 1718 3646; x_wconf 78' lang='grc' dir='ltr'><strong>ποιῆσαι</strong></span> <span class='ocrx_word' id='word_1_415' title='bbox 1739 3559 1808 3627; x_wconf 75' lang='grc' dir='ltr'>οὔτε</span> <span class='ocrx_word' id='word_1_416' title='bbox 1828 3567 1947 3628; x_wconf 62' lang='grc' dir='ltr'>«παθεῖν</span> 
     </span>
     <span class='ocr_line' id='line_1_29' title="bbox 315 3656 1948 3759; baseline 0.002 -24"><span class='ocrx_word' id='word_1_417' title='bbox 315 3670 453 3749; x_wconf 75' lang='grc' dir='ltr'>δύναται,</span> <span class='ocrx_word' id='word_1_418' title='bbox 486 3667 566 3735; x_wconf 71' lang='grc' dir='ltr'><strong>ἄλλοι</strong></span> <span class='ocrx_word' id='word_1_419' title='bbox 605 3673 723 3754; x_wconf 76' lang='grc' dir='ltr'>κίνησιν</span> <span class='ocrx_word' id='word_1_420' title='bbox 742 3670 841 3753; x_wconf 87' lang='grc' dir='ltr'>μόνον</span> <span class='ocrx_word' id='word_1_421' title='bbox 860 3673 898 3736; x_wconf 75' lang='grc' dir='ltr'>δι’</span> <span class='ocrx_word' id='word_1_422' title='bbox 919 3668 1030 3734; x_wconf 71' lang='grc' dir='ltr'>ἑαυτοῦ</span> <span class='ocrx_word' id='word_1_423' title='bbox 1050 3677 1114 3743; x_wconf 76' lang='grc' dir='ltr'>τοῖς</span> <span class='ocrx_word' id='word_1_424' title='bbox 1135 3662 1258 3746; x_wconf 75' lang='grc' dir='ltr'><strong>σώμασι</strong></span> <span class='ocrx_word' id='word_1_425' title='bbox 1279 3670 1412 3752; x_wconf 53' lang='lat' dir='ltr'>napulie.</span> <span class='ocrx_word' id='word_1_426' title='bbox 1453 3668 1495 3740; x_wconf 90' lang='lat' dir='ltr'>ib.</span> <span class='ocrx_word' id='word_1_427' title='bbox 1514 3670 1567 3738; x_wconf 71' lang='lat'>40.</span> <span class='ocrx_word' id='word_1_428' title='bbox 1610 3672 1637 3735; x_wconf 75' lang='lat' dir='ltr'>sl</span> <span class='ocrx_word' id='word_1_429' title='bbox 1664 3670 1708 3758; x_wconf 69' lang='grc' dir='ltr'>μή</span> <span class='ocrx_word' id='word_1_430' title='bbox 1739 3664 1778 3759; x_wconf 77' lang='grc' dir='ltr'>ἦν</span> <span class='ocrx_word' id='word_1_431' title='bbox 1809 3671 1829 3739; x_wconf 86' lang='lat' dir='ltr'>d</span> <span class='ocrx_word' id='word_1_432' title='bbox 1860 3656 1948 3739; x_wconf 78' lang='grc' dir='ltr'>κενὸν</span> 
     </span>
     <span class='ocr_line' id='line_1_30' title="bbox 319 3766 1948 3868; baseline 0.004 -23"><span class='ocrx_word' id='word_1_433' title='bbox 319 3782 369 3845; x_wconf 76' lang='grc' dir='ltr'>καὶ</span> <span class='ocrx_word' id='word_1_434' title='bbox 390 3777 499 3864; x_wconf 77' lang='grc' dir='ltr'>χώραν</span> <span class='ocrx_word' id='word_1_435' title='bbox 519 3784 570 3845; x_wconf 74' lang='grc' dir='ltr'>καὶ</span> <span class='ocrx_word' id='word_1_436' title='bbox 591 3779 697 3864; x_wconf 64' lang='lat' dir='ltr'>draps}</span> <span class='ocrx_word' id='word_1_437' title='bbox 718 3779 811 3866; x_wconf 71' lang='grc' dir='ltr'><strong>φύσιν</strong></span> <span class='ocrx_word' id='word_1_438' title='bbox 833 3778 1037 3863; x_wconf 76' lang='grc' dir='ltr'>ὀνομάζομεν,</span> <span class='ocrx_word' id='word_1_439' title='bbox 1069 3775 1125 3841; x_wconf 73' lang='grc' dir='ltr'>οὐκ</span> <span class='ocrx_word' id='word_1_440' title='bbox 1146 3773 1198 3839; x_wconf 74' lang='lat' dir='ltr'>dr</span> <span class='ocrx_word' id='word_1_441' title='bbox 1230 3773 1290 3859; x_wconf 73' lang='grc' dir='ltr'>εἶχε</span> <span class='ocrx_word' id='word_1_442' title='bbox 1321 3778 1362 3843; x_wconf 76' lang='lat' dir='ltr'>cci</span> <span class='ocrx_word' id='word_1_443' title='bbox 1395 3782 1524 3865; x_wconf 79' lang='grc' dir='ltr'>σώματα</span> <span class='ocrx_word' id='word_1_444' title='bbox 1555 3781 1638 3848; x_wconf 70' lang='grc' dir='ltr'>σ”σοο</span> <span class='ocrx_word' id='word_1_445' title='bbox 1668 3773 1706 3868; x_wconf 82' lang='grc' dir='ltr'>ἦν</span> <span class='ocrx_word' id='word_1_446' title='bbox 1737 3782 1809 3849; x_wconf 75' lang='grc' dir='ltr'>οὐδὲ</span> <span class='ocrx_word' id='word_1_447' title='bbox 1840 3784 1878 3847; x_wconf 82' lang='lat' dir='ltr'>dr&#39;</span> <span class='ocrx_word' id='word_1_448' title='bbox 1909 3766 1948 3851; x_wconf 73' lang='lat' dir='ltr'>od</span> 
     </span>
     <span class='ocr_line' id='line_1_31' title="bbox 314 3886 1946 3985; baseline 0.002 -29"><span class='ocrx_word' id='word_1_449' title='bbox 314 3892 448 3967; x_wconf 70' lang='grc' dir='ltr'>ἐκινεῖτο,</span> <span class='ocrx_word' id='word_1_450' title='bbox 471 3889 618 3974; x_wconf 64' lang='grc' dir='ltr'>καθάπερ</span> <span class='ocrx_word' id='word_1_451' title='bbox 642 3890 779 3974; x_wconf 77' lang='grc' dir='ltr'>φαίνεται</span> <span class='ocrx_word' id='word_1_452' title='bbox 800 3888 971 3973; x_wconf 54' lang='grc' dir='ltr'>κινούμεναι</span> <span class='ocrx_word' id='word_1_453' title='bbox 1012 3886 1081 3953; x_wconf 82' lang='lat' dir='ltr'>Iam</span> <span class='ocrx_word' id='word_1_454' title='bbox 1101 3887 1130 3953; x_wconf 91' lang='lat' dir='ltr'>si</span> <span class='ocrx_word' id='word_1_455' title='bbox 1150 3907 1253 3985; x_wconf 72' lang='lat' dir='ltr'>pauca</span> <span class='ocrx_word' id='word_1_456' title='bbox 1266 3888 1369 3972; x_wconf 80' lang='lat' dir='ltr'>verbu,</span> <span class='ocrx_word' id='word_1_457' title='bbox 1389 3912 1471 3976; x_wconf 74' lang='lat' dir='ltr'>quae</span> <span class='ocrx_word' id='word_1_458' title='bbox 1484 3891 1610 3960; x_wconf 80' lang='lat' dir='ltr'>decreto</span> <span class='ocrx_word' id='word_1_459' title='bbox 1630 3891 1667 3962; x_wconf 76' lang='lat' dir='ltr'>cd</span> <span class='ocrx_word' id='word_1_460' title='bbox 1688 3900 1751 3960; x_wconf 78' lang='grc' dir='ltr'>πᾶν</span> <span class='ocrx_word' id='word_1_461' title='bbox 1771 3898 1835 3964; x_wconf 74' lang='grc' dir='ltr'><strong>ἐστι</strong></span> <span class='ocrx_word' id='word_1_462' title='bbox 1856 3900 1946 3979; x_wconf 79' lang='grc' dir='ltr'>σῶμα</span> 
     </span>
     <span class='ocr_line' id='line_1_32' title="bbox 314 3996 1946 4092; baseline 0 -24"><span class='ocrx_word' id='word_1_463' title='bbox 314 4001 404 4089; x_wconf 77' lang='lat' dir='ltr'>(ibid</span> <span class='ocrx_word' id='word_1_464' title='bbox 426 4001 490 4085; x_wconf 87' lang='grc'>39.)</span> <span class='ocrx_word' id='word_1_465' title='bbox 511 3999 636 4085; x_wconf 78' lang='lat' dir='ltr'>adjectu</span> <span class='ocrx_word' id='word_1_466' title='bbox 660 4005 735 4066; x_wconf 87' lang='lat' dir='ltr'>sunt</span> <span class='ocrx_word' id='word_1_467' title='bbox 754 4004 949 4084; x_wconf 81' lang='lat' dir='ltr'>reputemus:</span> <span class='ocrx_word' id='word_1_468' title='bbox 980 3996 1020 4065; x_wconf 72' lang='lat' dir='ltr'>sd</span> <span class='ocrx_word' id='word_1_469' title='bbox 1052 4002 1109 4083; x_wconf 77' lang='grc' dir='ltr'>μὲν</span> <span class='ocrx_word' id='word_1_470' title='bbox 1141 3998 1201 4084; x_wconf 72' lang='lat' dir='ltr'>yde</span> <span class='ocrx_word' id='word_1_471' title='bbox 1237 4002 1365 4085; x_wconf 74' lang='grc' dir='ltr'>σώματα</span> <span class='ocrx_word' id='word_1_472' title='bbox 1397 4001 1439 4081; x_wconf 72' lang='grc' dir='ltr'>οἷς</span> <span class='ocrx_word' id='word_1_473' title='bbox 1465 4001 1562 4084; x_wconf 73' lang='grc' dir='ltr'><strong>ἔστιν,</strong></span> <span class='ocrx_word' id='word_1_474' title='bbox 1594 4004 1671 4090; x_wconf 73' lang='grc' dir='ltr'>αὐτῆ</span> <span class='ocrx_word' id='word_1_475' title='bbox 1691 4004 1712 4092; x_wconf 78' lang='grc' dir='ltr'><em>ἦ</em></span> <span class='ocrx_word' id='word_1_476' title='bbox 1733 4006 1878 4091; x_wconf 65' lang='grc' dir='ltr'><strong>αἴσθησις</strong></span> <span class='ocrx_word' id='word_1_477' title='bbox 1899 4004 1946 4068; x_wconf 73' lang='lat' dir='ltr'>dni</span> 
     </span>
     <span class='ocr_line' id='line_1_33' title="bbox 314 4105 1945 4202; baseline 0.001 -26"><span class='ocrx_word' id='word_1_478' title='bbox 314 4109 441 4177; x_wconf 74' lang='grc' dir='ltr'>πάντων</span> <span class='ocrx_word' id='word_1_479' title='bbox 461 4121 619 4195; x_wconf 76' lang='grc' dir='ltr'>μαρτυρεῖ,</span> <span class='ocrx_word' id='word_1_480' title='bbox 641 4110 717 4176; x_wconf 71' lang='grc' dir='ltr'>καθ’</span> <span class='ocrx_word' id='word_1_481' title='bbox 741 4107 785 4196; x_wconf 75' lang='grc' dir='ltr'>ἦν</span> <span class='ocrx_word' id='word_1_482' title='bbox 809 4111 974 4195; x_wconf 71' lang='grc' dir='ltr'>αναγκαῖον</span> <span class='ocrx_word' id='word_1_483' title='bbox 993 4105 1030 4174; x_wconf 76' lang='grc' dir='ltr'>τὰ</span> <span class='ocrx_word' id='word_1_484' title='bbox 1051 4105 1167 4191; x_wconf 71' lang='grc' dir='ltr'>ἄδηλον</span> <span class='ocrx_word' id='word_1_485' title='bbox 1185 4114 1231 4199; x_wconf 80' lang='grc' dir='ltr'>τῷ</span> <span class='ocrx_word' id='word_1_486' title='bbox 1262 4117 1398 4202; x_wconf 75' lang='grc' dir='ltr'>λογισμῷ</span> <span class='ocrx_word' id='word_1_487' title='bbox 1428 4118 1655 4202; x_wconf 71' lang='grc' dir='ltr'>τεκμαίρεσθαι,</span> <span class='ocrx_word' id='word_1_488' title='bbox 1685 4113 1719 4181; x_wconf 88' lang='lat' dir='ltr'>id</span> <span class='ocrx_word' id='word_1_489' title='bbox 1749 4113 1945 4199; x_wconf 86' lang='lat' dir='ltr'>potissimum</span> 
     </span>
     <span class='ocr_line' id='line_1_34' title="bbox 315 4216 1947 4304; baseline -0.001 -17"><span class='ocrx_word' id='word_1_490' title='bbox 315 4241 354 4288; x_wconf 83' lang='lat' dir='ltr'>ee</span> <span class='ocrx_word' id='word_1_491' title='bbox 373 4219 512 4286; x_wconf 82' lang='lat' dir='ltr'>indicare</span> <span class='ocrx_word' id='word_1_492' title='bbox 537 4225 686 4303; x_wconf 74' lang='lat' dir='ltr'>apparet,</span> <span class='ocrx_word' id='word_1_493' title='bbox 719 4219 874 4304; x_wconf 83' lang='lat' dir='ltr'>imprimis</span> <span class='ocrx_word' id='word_1_494' title='bbox 895 4239 934 4284; x_wconf 87' lang='lat' dir='ltr'>ex</span> <span class='ocrx_word' id='word_1_495' title='bbox 952 4216 991 4283; x_wconf 91' lang='lat' dir='ltr'>iis</span> <span class='ocrx_word' id='word_1_496' title='bbox 1012 4216 1115 4297; x_wconf 85' lang='lat' dir='ltr'>rebus,</span> <span class='ocrx_word' id='word_1_497' title='bbox 1148 4238 1232 4304; x_wconf 80' lang='lat' dir='ltr'>quse</span> <span class='ocrx_word' id='word_1_498' title='bbox 1252 4220 1350 4287; x_wconf 85' lang='lat' dir='ltr'>oculis</span> <span class='ocrx_word' id='word_1_499' title='bbox 1370 4244 1433 4289; x_wconf 92' lang='lat' dir='ltr'>non</span> <span class='ocrx_word' id='word_1_500' title='bbox 1454 4231 1624 4291; x_wconf 79' lang='lat' dir='ltr'>cernuntur</span> <span class='ocrx_word' id='word_1_501' title='bbox 1644 4232 1677 4291; x_wconf 92' lang='lat' dir='ltr'>et</span> <span class='ocrx_word' id='word_1_502' title='bbox 1704 4222 1845 4289; x_wconf 79' lang='lat' dir='ltr'>occultae</span> <span class='ocrx_word' id='word_1_503' title='bbox 1865 4226 1947 4301; x_wconf 91' lang='lat' dir='ltr'>sunt,</span> 
     </span>
     <span class='ocr_line' id='line_1_35' title="bbox 314 4325 1945 4418; baseline 0 -21"><span class='ocrx_word' id='word_1_504' title='bbox 314 4350 405 4397; x_wconf 93' lang='lat' dir='ltr'>omne</span> <span class='ocrx_word' id='word_1_505' title='bbox 426 4349 540 4414; x_wconf 87' lang='lat' dir='ltr'>corpus</span> <span class='ocrx_word' id='word_1_506' title='bbox 569 4350 641 4396; x_wconf 87' lang='lat' dir='ltr'>esse</span> <span class='ocrx_word' id='word_1_507' title='bbox 662 4329 833 4415; x_wconf 85' lang='lat' dir='ltr'>Epicurum</span> <span class='ocrx_word' id='word_1_508' title='bbox 863 4327 998 4414; x_wconf 83' lang='lat' dir='ltr'>probere</span> <span class='ocrx_word' id='word_1_509' title='bbox 1028 4325 1170 4393; x_wconf 81' lang='lat' dir='ltr'>voluisse.</span> <span class='ocrx_word' id='word_1_510' title='bbox 1214 4328 1310 4417; x_wconf 88' lang='lat' dir='ltr'>Cujus</span> <span class='ocrx_word' id='word_1_511' title='bbox 1339 4333 1471 4400; x_wconf 79' lang='lat' dir='ltr'>rationis</span> <span class='ocrx_word' id='word_1_512' title='bbox 1500 4334 1587 4401; x_wconf 72' lang='lat' dir='ltr'>reda</span> <span class='ocrx_word' id='word_1_513' title='bbox 1619 4332 1761 4418; x_wconf 78' lang='lat' dir='ltr'>exempla</span> <span class='ocrx_word' id='word_1_514' title='bbox 1780 4331 1945 4398; x_wconf 87' lang='lat' dir='ltr'>Lucretius</span> 
     </span>
     <span class='ocr_line' id='line_1_36' title="bbox 314 4425 1946 4529; baseline -0.001 -20"><span class='ocrx_word' id='word_1_515' title='bbox 314 4443 464 4528; x_wconf 87' lang='lat' dir='ltr'>proponit</span> <span class='ocrx_word' id='word_1_516' title='bbox 484 4440 508 4521; x_wconf 89' lang='lat'>1,</span> <span class='ocrx_word' id='word_1_517' title='bbox 531 4441 712 4511; x_wconf 79' lang='lat'><strong>265-328.</strong></span> <span class='ocrx_word' id='word_1_518' title='bbox 734 4477 776 4490; x_wconf 94' lang='lat'><em>-</em></span> <span class='ocrx_word' id='word_1_519' title='bbox 805 4437 1040 4506; x_wconf 78' lang='lat' dir='ltr'>Aoeurutiorem</span> <span class='ocrx_word' id='word_1_520' title='bbox 1060 4437 1234 4521; x_wconf 89' lang='lat' dir='ltr'>primorum</span> <span class='ocrx_word' id='word_1_521' title='bbox 1254 4460 1420 4525; x_wconf 84' lang='lat' dir='ltr'>corporum</span> <span class='ocrx_word' id='word_1_522' title='bbox 1451 4425 1688 4529; x_wconf 76' lang='lat' dir='ltr'>descriptionem</span> <span class='ocrx_word' id='word_1_523' title='bbox 1707 4441 1836 4526; x_wconf 87' lang='lat' dir='ltr'>Epicuri</span> <span class='ocrx_word' id='word_1_524' title='bbox 1866 4440 1946 4508; x_wconf 86' lang='lat' dir='ltr'>liber</span> 
     </span>
     <span class='ocr_line' id='line_1_37' title="bbox 315 4546 1946 4642; baseline 0.001 -23"><span class='ocrx_word' id='word_1_525' title='bbox 315 4558 382 4638; x_wconf 76' lang='grc' dir='ltr'>περὶ</span> <span class='ocrx_word' id='word_1_526' title='bbox 406 4552 487 4639; x_wconf 75' lang='grc' dir='ltr'>ἁφῆς</span> <span class='ocrx_word' id='word_1_527' title='bbox 508 4551 700 4618; x_wconf 89' lang='lat' dir='ltr'>continuisse</span> <span class='ocrx_word' id='word_1_528' title='bbox 720 4551 887 4634; x_wconf 82' lang='lat' dir='ltr'>videtur.²)</span> <span class='ocrx_word' id='word_1_529' title='bbox 928 4546 967 4614; x_wconf 90' lang='lat' dir='ltr'>ln</span> <span class='ocrx_word' id='word_1_530' title='bbox 997 4567 1060 4632; x_wconf 90' lang='lat' dir='ltr'>quo</span> <span class='ocrx_word' id='word_1_531' title='bbox 1079 4546 1250 4632; x_wconf 86' lang='lat' dir='ltr'>Epicurum</span> <span class='ocrx_word' id='word_1_532' title='bbox 1282 4553 1436 4637; x_wconf 68' lang='lat' dir='ltr'>segccitu</span> <span class='ocrx_word' id='word_1_533' title='bbox 1467 4556 1599 4642; x_wconf 87' lang='lat' dir='ltr'>conjecit</span> <span class='ocrx_word' id='word_1_534' title='bbox 1627 4553 1809 4621; x_wconf 80' lang='lat' dir='ltr'>&#39;Gessendus</span> <span class='ocrx_word' id='word_1_535' title='bbox 1840 4553 1946 4622; x_wconf 84' lang='lat' dir='ltr'>defen·</span> 
     </span>
    </p>
   </div>
   <div class='ocr_carea' id='block_1_3' title="bbox 215 4753 1946 4996">
    <p class='ocr_par' dir='ltr' id='par_1_3' title="bbox 215 4753 1946 4996">
     <span class='ocr_line' id='line_1_38' title="bbox 367 4753 1946 4828; baseline 0.003 -18"><span class='ocrx_word' id='word_1_536' title='bbox 367 4758 517 4826; x_wconf 77' lang='lat' dir='ltr'>¹)Brcndis</span> <span class='ocrx_word' id='word_1_537' title='bbox 537 4753 1094 4825; x_wconf 65' lang='lat' dir='ltr'>Gssch.d.griech.1&#39;hilos.r1862)1,p.</span> <span class='ocrx_word' id='word_1_538' title='bbox 1115 4755 1173 4810; x_wconf 73' lang='lat'>185.</span> <span class='ocrx_word' id='word_1_539' title='bbox 1209 4756 1256 4807; x_wconf 82' lang='lat' dir='ltr'>Alr</span> <span class='ocrx_word' id='word_1_540' title='bbox 1283 4759 1430 4812; x_wconf 79' lang='lat' dir='ltr'>Heiechsetz</span> <span class='ocrx_word' id='word_1_541' title='bbox 1461 4762 1554 4827; x_wconf 82' lang='lat' dir='ltr'>sprsch</span> <span class='ocrx_word' id='word_1_542' title='bbox 1577 4761 1707 4813; x_wconf 80' lang='lat' dir='ltr'>Democrit</span> <span class='ocrx_word' id='word_1_543' title='bbox 1730 4777 1789 4828; x_wconf 75' lang='lat' dir='ltr'>sue,</span> <span class='ocrx_word' id='word_1_544' title='bbox 1816 4763 1876 4816; x_wconf 72' lang='lat' dir='ltr'>urse</span> <span class='ocrx_word' id='word_1_545' title='bbox 1900 4764 1946 4814; x_wconf 82' lang='lat' dir='ltr'>dns</span> 
     </span>
     <span class='ocr_line' id='line_1_39' title="bbox 215 4840 1291 4909; baseline 0 -11"><span class='ocrx_word' id='word_1_546' title='bbox 215 4843 396 4898; x_wconf 75' lang='lat' dir='ltr'>Nichtociende</span> <span class='ocrx_word' id='word_1_547' title='bbox 412 4842 524 4909; x_wconf 76' lang='lat' dir='ltr'>(urens)</span> <span class='ocrx_word' id='word_1_548' title='bbox 542 4843 614 4895; x_wconf 82' lang='lat' dir='ltr'>nicht</span> <span class='ocrx_word' id='word_1_549' title='bbox 631 4843 745 4906; x_wconf 71' lang='lat' dir='ltr'>weniger</span> <span class='ocrx_word' id='word_1_550' title='bbox 762 4844 816 4894; x_wconf 81' lang='lat' dir='ltr'>sein</span> <span class='ocrx_word' id='word_1_551' title='bbox 834 4841 927 4902; x_wconf 79' lang='lat' dir='ltr'>misse,</span> <span class='ocrx_word' id='word_1_552' title='bbox 946 4840 985 4892; x_wconf 76' lang='lat' dir='ltr'>uls</span> <span class='ocrx_word' id='word_1_553' title='bbox 1001 4841 1047 4893; x_wconf 80' lang='lat' dir='ltr'>dm</span> <span class='ocrx_word' id='word_1_554' title='bbox 1064 4842 1172 4896; x_wconf 77' lang='lat' dir='ltr'>sciendo</span> <span class='ocrx_word' id='word_1_555' title='bbox 1189 4840 1291 4909; x_wconf 81' lang='grc' dir='ltr'><strong>(Ῑοιιιι).</strong></span> 
     </span>
     <span class='ocr_line' id='line_1_40' title="bbox 250 4928 706 4996; baseline 0.011 -16"><span class='ocrx_word' id='word_1_556' title='bbox 250 4989 253 4994; x_wconf 39' lang='grc'><em>,</em></span> <span class='ocrx_word' id='word_1_557' title='bbox 368 4928 706 4996; x_wconf 75' lang='lat' dir='ltr'>²)Rurrcker1.tp.n.</span> 
     </span>
    </p>
   </div>
   <div class='ocr_carea' id='block_1_4' title="bbox 0 0 2206 5584">
    <p class='ocr_par' dir='ltr' id='par_1_4' title="bbox 0 0 2206 5584">
     <span class='ocr_line' id='line_1_41' title="bbox 0 0 2206 5584; baseline 0 0"><span class='ocrx_word' id='word_1_558' title='bbox 0 0 2206 5584; x_wconf 95' lang='lat' dir='ltr'> </span> 
     </span>
    </p>
   </div>
  </div>
 </body>
</html>
