4400 5584
1072 485 1128 565 -18

327 708 391 757 non
404 686 662 777 ¹,possent-rosim
694 707 865 767 oonnexus,
884 686 1049 779 pondere,
1080 686 1190 773 plagas
1221 685 1337 753 hebere
1369 686 1508 772 nihilque
1540 708 1579 755 ex
1606 688 1671 759 illis
1691 693 1808 777 ,posset
1837 690 1969 763 renosci.

327 799 492 869 Lucretius
511 803 617 871 entem
637 798 704 883 ipse
725 818 787 863 non
808 798 905 864 semel
921 798 1040 865 diserte
1061 798 1141 865 dixit
1160 796 1333 883 primordie
1350 796 1496 882 portibus
1517 800 1967 881 eonstdreutvudtide-dos

316 909 538 996 ,hujusipsius
557 909 631 979 libri
651 908 799 990 videmus,
820 908 876 981 ubi
895 908 986 977 dicit:

600 1019 680 1087 Tum
700 1040 794 1105 porro
814 1019 898 1104 quod
915 1022 983 1105 jem
1004 1025 1052 1087 est
1073 1023 1246 1085 extremum
1268 1017 1413 1103 quodque
1435 1039 1584 1093 eueumen

599 1131 737 1216 eorporis
756 1129 856 1211 ullius,
878 1129 963 1214 quod
983 1129 1082 1196 nostri
1103 1149 1228 1195 eernere
1250 1150 1358 1203 sensus

595 1243 662 1328 jum
681 1247 848 1326 nequeunt,
869 1240 912 1323 id,
933 1241 1088 1321 nimirum,
1109 1240 1176 1306 sine
1195 1238 1339 1325 pertibus
1361 1246 1448 1308 extet

599 1359 632 1417 et
652 1352 781 1418 minimo
802 1357 926 1419 oonstnt
946 1357 1068 1431 netum,
1087 1371 1147 1417 nee
1166 1349 1229 1416 fuit
1246 1371 1396 1435 umquem

598 1482 657 1547 per
677 1483 710 1528 se
731 1468 885 1528 secretum
904 1483 1005 1546 neque
1026 1461 1159 1547 posthae
1179 1481 1246 1528 esse
1266 1460 1390 1543 rnlebit,

600 1572 730 1639 ulterius
751 1573 930 1659 quoniamst
947 1573 1050 1658 ipsum
1070 1594 1153 1657 pers,
1173 1572 1337 1657 primaque
1358 1577 1391 1638 et
1410 1591 1476 1639 nno

526 1737 528 1741 .
599 1681 672 1749 inde
693 1683 773 1748 elius
794 1687 890 1766 atque
911 1682 993 1749 oliuo
1014 1682 1131 1761 similes
1150 1705 1190 1749 ex
1209 1681 1318 1748 ordine
1338 1688 1445 1768 perte

600 1794 722 1878 agmine
744 1792 898 1865 condenso
918 1798 1064 1861 netmem
1084 1793 1224 1879 eorporis
1245 1792 1385 1879 expleut3

600 1921 683 1988 quoe
703 1903 852 1987 quoniam
871 1924 929 1988 per
949 1925 983 1971 se
1004 1910 1162 1990 nequeunt
1183 1910 1335 1987 constare,
1355 1912 1512 1973 necessest

519 2008 524 2017 ’
599 2011 1351 2098 Mmmmmmmmmfflmmmmffli
1783 2087 1788 2095 ,
2053 2090 2054 2093 ¹

398 2125 485 2193 Libri
505 2126 600 2192 etium
622 2124 748 2201 secundi
769 2146 816 2195 ιι.
837 2123 898 2191 485
921 2145 988 2209 sqq.
1008 2129 1117 2209 operte
1136 2123 1176 2190 de
1200 2124 1345 2209 pertibus
1365 2130 1543 2193 atomorum
1569 2122 1717 2217 loquitur.
1759 2124 1861 2198 Donet
1887 2124 1971 2191 enim

332 2235 602 2309 utomosinfinitis
622 2236 731 2305 formis
753 2257 819 2302 esse
840 2256 903 2302 non
922 2255 1022 2320 posse,
1042 2235 1062 2304 ‘u
1084 2255 1112 2301 e
1133 2239 1255 2301 atomos
1276 2233 1364 2302 finito
1377 2234 1472 2307 modo
1491 2236 1575 2309 inter
1595 2235 1842 2317 sedistete,.seu
1861 2257 1971 2305 uume-

331 2369 403 2414 rum
420 2346 600 2433 figurarum,
630 2345 742 2430 quibus
762 2346 860 2412 atomi
880 2345 1035 2426 differunt,
1055 2364 1124 2412 esse
1143 2344 1274 2411 finitum
1317 2345 1413 2431 Cujus
1432 2347 1489 2413 rei
1509 2353 1727 2435 argumentum
1757 2346 1878 2433 profert
1896 2345 1971 2414 hoe:

333 2457 480 2526 differunt
500 2457 671 2544 primordie
691 2458 839 2543 portium,
861 2478 880 2524 e
902 2455 1015 2541 quium
1036 2461 1181 2523 coustant
1211 2455 1232 2527 i.
1264 2476 1291 2524 e.
1322 2457 1537 2539 minimorum,
1568 2459 1657 2543 neria
1686 2459 1853 2545 positione,
1883 2456 1972 2543 utqui

332 2590 451 2656 peneus
470 2575 579 2655 prutes
597 2568 730 2634 multum
751 2568 872 2633 ruriere
892 2589 956 2633 non
976 2574 1124 2655 possunt3
1151 2569 1293 2652 eiigitur
1312 2567 1434 2647 infinito
1443 2568 1537 2638 modo
1557 2571 1679 2645 ueniere
1699 2565 1972 2651 detentionum

331 2680 473 2768 portibus
496 2700 535 2746 en
555 2684 699 2747 oonstore
717 2678 850 2764 ideoque
869 2678 1009 2763 ingentia
1030 2700 1097 2747 esse
1118 2700 1244 2747 neeesse
1269 2685 1326 2747 est
1370 2679 1462 2758 Quod
1492 2702 1564 2751 cum
1594 2681 1755 2761 recussit,
1781 2701 1823 2746 ne
1843 2677 1970 2746 infinitis

332 2792 458 2881 quidem
478 2789 577 2859 modis
598 2787 721 2865 differre
741 2794 880 2873 possunt.
923 2787 992 2855 Hoc
1014 2795 1119 2855 nutem
1147 2789 1181 2855 in
1201 2798 1384 2876 argumento
1403 2799 1566 2877 tamquam
1592 2791 1803 2863 indubitatum
1830 2782 1971 2873 sumitur,

333 2910 454 2975 atomos
471 2902 614 2992 pertibus
636 2905 788 2981 eonstore,
809 2898 869 2967 hoo
889 2904 1021 2984 negetur
1040 2897 1168 2967 infinitis
1190 2922 1244 2971 eas
1265 2905 1461 2992 consterezl)

565 3079 568 3085 ,
601 3030 738 3094 namque
758 3008 867 3075 eudem
887 3009 979 3075 unius
1000 3010 1133 3095 cujmris
1152 3010 1186 3079 in
1206 3012 1359 3081 brevitate

602 3110 742 3206 eorporis
762 3119 844 3187 inter
863 3140 896 3185 se
917 3119 1050 3193 multum
1070 3121 1191 3189 vsriere
1211 3121 1330 3207 figures

601 3252 664 3303 non
680 3236 822 3316 possunt
861 3228 916 3297 eo
936 3230 1019 3299 euim
1039 3231 1175 3299 minimis
1194 3252 1211 3298 e
1231 3233 1375 3318 portibus
1396 3255 1464 3303 esse
1540 3286 1551 3301 ,

605 3363 737 3428 eorporu
756 3342 859 3426 primu
877 3339 987 3422 tribus,
1007 3339 1056 3407 vel
1075 3341 1172 3426 poulo
1192 3341 1333 3427 pluribus
1353 3363 1450 3430 muge:

602 3475 714 3538 nempe
734 3449 789 3519 ubi
809 3472 863 3519 ens
883 3452 983 3538 pertis
1004 3452 1095 3519 nnius
1116 3454 1253 3539 eorporis
1275 3456 1382 3538 omnis,

603 3585 725 3633 summu
744 3568 838 3647 utque
857 3564 924 3633 imn
942 3562 1057 3642 locens,
1078 3568 1292 3632 transmutans
1313 3565 1443 3634 dexteru
1462 3566 1568 3650 nevis,

599 3674 783 3742 omnimodis
804 3679 950 3760 expertus
971 3673 1040 3753 eris,
1061 3674 1306 3761 unumquisque
1327 3675 1382 3744 det
1402 3677 1479 3745 ordo

600 3785 712 3853 formai
732 3785 866 3871 speeiem
885 3784 982 3855 totins
1004 3785 1142 3869 corporis
1162 3786 1237 3871 ejus,

601 3896 687 3981 quod
707 3901 857 3981 superest,
878 3895 905 3962 si
925 3894 1005 3963 forte
1025 3893 1110 3961 voles
1130 3896 1253 3963 veriore
1273 3895 1397 3982 figures,

602 4006 779 4074 uddendum
797 4006 897 4091 pertis
917 4005 996 4075 odies
1017 4006 1084 4073 erit
1126 4006 1198 4073 inde
1219 4016 1375 4093 sequetur,

600 4116 734 4187 ndsimili
747 4118 875 4185 ratione
895 4116 972 4185 olins
992 4123 1029 4186 ut
1049 4118 1187 4205 postulet
1205 4120 1291 4201 ordo,

600 4229 628 4295 si
648 4233 685 4295 tu
704 4228 786 4295 forte
806 4229 890 4297 voles
910 4229 1004 4296 etiem
1025 4231 1146 4301 rariore
1163 4228 1288 4316 figures

600 4360 674 4425 ergo
694 4338 865 4411 formarum
883 4341 1054 4411 novitatem
1073 4341 1212 4427 eorporis
1231 4362 1364 4426 engeren

601 4451 808 4537 subsequitur.
829 4470 929 4538 quare
948 4472 1012 4518 non
1032 4458 1081 4521 est
1101 4459 1137 4520 ut
1157 4452 1283 4525 erodere
1303 4453 1404 4537 possis

601 4560 1264 4645 emmmmmmmmmmm

602 4672 1288 4760 mmmmmwmmfflmfflm

602 4805 678 4867 esse,
699 4805 795 4872 supra
815 4781 899 4871 quod
916 4784 983 4868 jem
1004 4781 1095 4849 dooui
1114 4802 1178 4849 non
1197 4803 1289 4868 posse
1308 4781 1444 4868 pmbmi

401 4938 615 5008 'mm-ou.
