4400 5584
1087 473 1134 550 al

396 677 515 756 Quodsi
536 677 569 743 hi
590 677 656 759 riri,
678 698 812 762 quorum
833 677 1003 741 sententiae
1025 672 1118 741 modo
1139 673 1366 754 recensuimus,
1388 673 1422 738 in
1443 674 1549 739 multis
1570 695 1591 739 a
1611 695 1684 740 vero
1706 673 1912 756 aberrarunt,
1934 676 1981 743 ita

193 862 196 869 ,
328 790 524 869 aberrarunt,
545 794 583 855 ut
603 787 642 855 de
664 809 802 873 quanam
821 788 909 853 rein
931 788 1109 853 universum
1130 791 1277 869 ageretur
1304 783 1512 867 intelligerent
1544 789 1576 849 et
1603 783 1705 850 multa
1736 785 1832 850 etiam
1863 785 1896 850 in
1918 787 1981 852 sin-

328 901 407 986 grrlis
429 899 508 966 bene
528 900 749 985 perspicerent.
794 898 856 965 Sed
884 898 938 982 qai
968 895 1039 962 illos
1069 902 1194 962 secutus
1227 901 1275 961 est
1295 893 1518 961 Wakefieldius
1537 894 1644 980 plane,
1677 902 1714 961 ut
1735 917 1807 962 cum
1828 897 1980 965 Lambino

327 1009 448 1094 loquar,
471 1008 614 1075 caecutit.
926 1022 929 1027 ’
1575 1046 1577 1050 ν

396 1120 444 1185 De
466 1120 570 1204 priore
593 1119 720 1203 quidem
741 1118 811 1185 loco
832 1139 859 1183 r.
880 1119 942 1183 629
962 1137 1063 1201 pauca
1084 1122 1211 1182 tantum
1224 1108 1301 1182 dicit
1322 1114 1561 1182 Wakefieldius:
1585 1114 1666 1182 »Nic
1688 1115 1743 1181 sed
1758 1116 1846 1183 codd.
1869 1118 1981 1186 etedd.

329 1239 403 1301 vett.
426 1232 476 1309 si;
498 1236 538 1310 et,
561 1231 680 1315 opinor,
701 1252 782 1309 rere,
804 1229 831 1295 si
853 1228 945 1295 modo
967 1228 1099 1313 probam
1121 1228 1279 1311 sequentis
1301 1248 1407 1292 versus
1429 1226 1615 1312 script-mam
1637 1226 1799 1293 restituas:

598 1339 741 1423 Denique
762 1340 790 1405 si
810 1338 965 1404 minumae
986 1338 1019 1403 iu
1039 1343 1147 1423 partes
1168 1344 1281 1405 cuncta
1302 1338 1415 1404 resolvi

602 1449 718 1534 Cogere
740 1469 803 1515 non
825 1456 946 1515 suesset
967 1469 1072 1513 rerum
1093 1456 1210 1514 natura
1229 1450 1366 1515 creatrix
1386 1487 1430 1499 -

396 1562 474 1629 Cum
494 1582 567 1628 vero
600 1560 639 1626 de
672 1560 827 1643 suffragiis
848 1560 989 1626 codicum
1008 1559 1042 1630 L.
1054 1559 1096 1625 M.
1118 1562 1203 1645 apud
1214 1559 1422 1645 Havercampi
1443 1559 1611 1625 editionem
1631 1558 1731 1625 altum
1753 1561 1795 1625 sit
1815 1559 1981 1644 silentium,

326 1674 400 1739 licet
421 1674 473 1738 rix
491 1673 649 1757 ambigam
672 1692 725 1737 eos
746 1671 874 1755 reliquis
903 1692 966 1736 non
987 1671 1148 1756 refragari,
1169 1693 1190 1737 a
1212 1678 1375 1737 contextus
1397 1671 1623 1738 mutationibus
1644 1692 1694 1736 me
1721 1672 1892 1738 consultius
1913 1695 1981 1739 esse

326 1791 576 1869 temperaturum
597 1783 802 1853 existimari«
1510 1853 1512 1855 ,

307 1900 311 1909 “
394 1893 491 1961 Recte
512 1894 662 1960 hocloco
684 1893 892 1979 Harercampi
925 1890 964 1957 de
995 1891 1137 1957 codicum
1158 1893 1412 1978 Lugdunensium
1441 1893 1574 1958 lectione
1607 1893 1730 1961 silentio
1763 1914 1825 1959 non
1847 1894 1980 1961 multum

328 2004 448 2085 tribuit,
470 2004 524 2069 sed
547 2026 643 2088 quarn
662 2002 783 2088 profert
803 2003 1025 2087 conjecturam,
1053 2023 1129 2068 nou
1157 2010 1313 2070 suesset
1345 2025 1404 2089 pro
1436 2011 1691 2086 consuesset,
1724 2025 1762 2071 ea
1793 2025 1856 2070 non
1878 2007 1980 2077 minue

326 2137 422 2201 quam
442 2115 536 2180 lectio
557 2112 764 2180 Lambiniana
785 2114 824 2178 ni
853 2133 911 2197 pro
933 2113 967 2178 si
992 2113 1052 2181 toti
1072 2112 1134 2177 loci
1154 2119 1288 2179 naturae
1309 2121 1464 2199 repugnat
1490 2119 1523 2179 et
1543 2115 1590 2181 ita
1618 2120 1743 2182 tantum
1771 2137 1845 2182 vera
1870 2117 1980 2184 baberi

326 2232 440 2314 posset,
462 2226 490 2291 si
511 2225 657 2291 minimae
678 2229 786 2309 partes
807 2225 906 2291 atomi
926 2229 1037 2303 essent,
1059 2223 1092 2288 id
1115 2223 1198 2308 quod
1221 2245 1283 2290 non
1305 2245 1372 2290 esse
1393 2246 1489 2310 supra
1510 2224 1640 2291 ostendi.

394 2336 444 2403 Ad
465 2360 493 2404 v.
516 2343 622 2402 autern
645 2337 707 2402 633
729 2334 807 2402 baec
829 2334 905 2400 dicit
926 2333 1162 2401 Wakefieldius:

401 2447 566 2514 »Editores
588 2446 817 2531 exemplaribus
839 2446 969 2530 scriptis,
1003 2452 1158 2530 quotquot
1178 2452 1297 2525 extant,
1328 2444 1573 2513 reclamantibus
1604 2468 1643 2511 ex
1674 2447 1796 2530 ingenio
1827 2448 1981 2517 dederunt

325 2559 483 2639 multis,
506 2565 642 2623 mentem
663 2564 778 2643 poetae
799 2578 861 2623 non
883 2557 961 2623 satis
981 2561 1179 2641 perspectam
1209 2556 1370 2623 babentes.
1403 2556 1567 2622 Lucretius
1594 2558 1703 2642 utique
1731 2580 1887 2644 opponere
1913 2562 1979 2628 ruit

328 2672 442 2736 atomis
462 2670 511 2736 rel
534 2669 669 2735 minimis
691 2667 873 2753 corporibus
894 2690 940 2749 ea,
962 2689 1043 2752 quae
1065 2668 1357 2751 grandiuscula
1386 2675 1459 2734 sunt
1487 2676 1520 2734 et
1540 2674 1648 2734 tamen
1670 2670 1830 2755 simplicia,
1852 2672 1979 2739 nullis

326 2801 439 2865 nempe
459 2794 580 2846 aucta
598 2779 803 2864 partibus,
832 2778 940 2863 qualia
960 2777 1099 2844 affirmat
1128 2800 1195 2845 esse
1217 2779 1311 2845 rebus
1332 2779 1492 2864 gignanrfis
1514 2780 1616 2844 minus
1637 2786 1733 2866 aptat
1760 2803 1866 2848 rerum
1896 2785 1979 2851 enim

328 2893 446 2957 creatio
468 2912 530 2957 non
552 2890 660 2971 confit,
689 2891 811 2956 nisiex
838 2890 1028 2975 corporibus,
1056 2890 1275 2973 grandioribus
1305 2891 1367 2957 illis
1399 2891 1540 2975 quidem,
1572 2891 1628 2956 sed
1660 2911 1742 2976 quae
1773 2914 1813 2959 err
1844 2896 1980 2964 minimis

325 3001 787 3089 primordiis-coagmentantur
808 3005 904 3084 atque
924 3002 957 3065 in
978 3000 1088 3067 eadem
1110 3002 1223 3068 resolvi
1243 3009 1383 3087 possunt.
1426 3002 1477 3068 Ex
1503 3003 1675 3068 minimis
1701 3004 1796 3086 igitur
1816 3008 1979 3091 particulis

327 3136 389 3181 non
411 3114 542 3179 ulterius
564 3110 746 3191 dividendis,
768 3112 900 3178 invicem
922 3112 1160 3179 cohaerentibus
1181 3120 1214 3179 et
1235 3113 1515 3195 commiscentibus,
1537 3115 1642 3179 omnia
1663 3115 1894 3201 producuntur,
1915 3141 1978 3187 non

327 3246 366 3290 ex
388 3222 571 3306 corporibus
592 3222 737 3306 augmine
760 3222 882 3307 majori,
905 3223 1042 3306 quaein
1063 3223 1192 3289 minima
1212 3224 1384 3308 primordia
1404 3245 1438 3290 se
1460 3224 1585 3291 dissolvi
1606 3232 1731 3310 negant

395 3332 495 3398 Porro
515 3354 554 3399 ex
575 3333 713 3399 Lucretii
734 3334 888 3399 sententia
909 3334 996 3400 aliud
1017 3335 1137 3417 obstat,
1169 3336 1334 3420 quominus
1356 3356 1497 3420 corpora,
1518 3357 1569 3401 res
1590 3358 1697 3403 omnes
1718 3337 1894 3419 efficientia,
1915 3341 1978 3406 sint

327 3443 497 3529 grandiora
518 3450 551 3510 et
571 3445 690 3529 pariter
711 3444 884 3511 individua:
906 3445 1022 3530 figuras
1043 3447 1151 3530 utique
1173 3449 1353 3531 omnigenas
1373 3468 1431 3532 per
1452 3468 1485 3513 se
1506 3444 1673 3528 baberent,
1703 3449 1842 3516 nondum
1869 3450 1977 3518 collisa

326 3560 421 3639 atque
443 3542 647 3635 intermixta,
662 3555 709 3621 uti
731 3553 822 3621 docet
843 3562 949 3622 noster
970 3557 1010 3638 ll,
1031 3555 1111 3623 494:

596 3667 680 3751 Ergo
702 3666 815 3732 formai
835 3668 1007 3735 novitatem
1028 3667 1168 3751 corporis
1189 3687 1322 3751 augmen

597 3777 812 3862 Subsequitur.

394 3885 437 3952 lis
457 3893 573 3967 tamen,
596 3890 650 3972 qui
672 3889 843 3956 censebunt
863 3890 990 3955 minime
1011 3888 1059 3955 bis
1082 3910 1149 3955 esse
1170 3889 1445 3974 acquiescendum,
1476 3910 1539 3955 non
1559 3890 1798 3974 improbabilem
1818 3895 1976 3979 conjectu·

325 4018 394 4063 ram
416 3998 667 4082 propinabimus3
690 4000 781 4081 unde,
802 3999 902 4066 literis
922 4000 1155 4086 colliquefactis,
1176 4001 1269 4067 lectio
1288 4008 1416 4085 recepta
1436 4001 1529 4067 facile
1550 4002 1665 4067 exoriri
1683 4009 1823 4087 poterat:

596 4143 639 4156 —
660 4109 753 4174 nullis
773 4116 847 4176 eunt
867 4110 1004 4196 partibu’
1026 4118 1120 4179 secta.

394 4220 473 4287 Vide
493 4241 540 4284 rr.
562 4220 633 4286 534
655 4219 748 4287 idi«

395 4330 545 4399 Videmus
565 4329 661 4414 igitur
682 4329 928 4415 Wakefieldium,
950 4333 1004 4416 qui
1025 4338 1145 4397 ceteras
1156 4331 1292 4399 editores
1312 4335 1448 4396 mentem
1470 4336 1583 4415 poetae
1604 4352 1668 4396 non
1681 4332 1758 4397 satis
1777 4339 1974 4417 perspectam

326 4442 444 4509 babere
464 4441 554 4509 initio
576 4441 741 4523 arguisset,
775 4442 877 4527 ipsum
898 4449 1006 4509 tamen
1027 4444 1085 4508 sub
1107 4441 1201 4508 finem
1232 4441 1272 4507 de
1303 4442 1435 4507 ueritate
1466 4440 1668 4527 expositionis
1700 4463 1775 4508 suae
1807 4441 1974 4526 dubitasse,

328 4575 400 4620 cum
421 4552 512 4619 nobis
538 4551 749 4637 conjecturam
771 4553 995 4638 „propinaret‘t
1017 4554 1214 4638 quaomnia,
1236 4574 1317 4638 quae
1338 4554 1432 4638 paulo
1453 4559 1527 4619 ante
1548 4552 1681 4635 dixerat,
1701 4553 1911 4624 confutantur.

395 4662 464 4728 Hoc
475 4660 601 4746 quidem
613 4662 720 4727 statim
742 4661 783 4728 ab
804 4663 894 4728 initio
903 4669 1044 4749 apparet,
1065 4663 1257 4747 reliquorum
1268 4665 1389 4746 erroris,
1411 4665 1593 4731 minimas
1613 4670 1748 4750 partes
1770 4670 1802 4730 et
1822 4672 1976 4732 atomos

328 4770 453 4839 eaedem
473 4774 660 4859 putantium,
683 4773 815 4840 eundern
836 4796 900 4841 non
921 4796 988 4840 esee
1008 4775 1195 4854 immunem3
1228 4774 1304 4840 dicit
1325 4776 1423 4841 enim:
1451 4776 1595 4842 atomis
1616 4774 1666 4841 rel
1686 4775 1869 4845 minimis.
1914 4775 1976 4842 Sed

327 4882 423 4948 etiam
443 4882 536 4967 plane
556 4905 637 4951 nova
658 4891 690 4951 et
721 4885 863 4952 inaudita
896 4883 1148 4951 comminiscitur.
1192 4884 1347 4967 Loquitur
1378 4886 1461 4951 enim
1492 4885 1628 4970 primurn
1660 4884 1701 4951 de
1733 4886 1975 4970 corporibus

327 4993 638 5079 grandiusculis
659 5003 820 5064 ettamen
841 4994 1113 5082 simplicibus,
1145 5016 1257 5082 nempe
1278 4995 1371 5062 nullis
1391 4996 1535 5083 partibus
1555 4996 1665 5077 auctis,
1685 5003 1719 5063 et
1738 4995 1848 5064 eadem
1862 4997 1978 5065 Lucre·

1574 5105 1620 5174 3*
