4400 5584
1092 464 1142 546 ee

333 672 503 760 separatim
523 675 665 738 tractare
682 666 765 735 libro
786 673 900 752 quarto
920 667 1104 749 instituerit,
1136 673 1242 734 temen
1272 668 1305 732 in
1327 666 1534 752 descriptione
1566 664 1808 751 primordiorum
1838 665 1872 729 in
1903 662 1985 731 libro

333 782 437 866 primo
459 785 492 846 et
513 778 649 846 secundo
669 798 798 863 prorem
819 777 975 862 negligere
995 796 1065 844 eam
1083 798 1148 843 non
1168 778 1315 863 potuisse.
1358 779 1551 862 Argumenta
1572 778 1654 843 enim
1681 776 1845 861 potissima
1866 774 1908 840 ad
1929 797 1984 841 ne·

333 891 470 976 gandam
492 911 658 976 corporum
678 888 874 974 qualitatem,
895 888 937 954 ad
955 886 1201 954 confirmandum
1223 910 1331 955 eorum
1351 887 1598 972 magnitudinem
1619 893 1652 953 et
1671 885 1845 971 figurarum
1856 884 1985 952 diversi·

333 1009 434 1070 tutem
455 1002 497 1068 ab
517 1001 594 1087 ipsis
614 999 756 1066 sensibus
777 999 914 1066 deducta
934 1018 1002 1066 esse
1023 1005 1164 1084 apparet
1208 998 1309 1078 Quam
1330 997 1568 1084 argumentandi
1588 998 1670 1063 viam
1690 999 1793 1083 ipsum
1812 997 1986 1082 Epicurum

333 1119 525 1180 monstrasse
546 1116 681 1196 apparet
701 1131 741 1176 ex
762 1111 851 1196 Diog.
871 1111 907 1178 L.
930 1111 968 1192 X,
990 1112 1042 1177 55.

401 1228 449 1304 (e)
470 1222 637 1309 Dionysius
659 1222 821 1307 episcopus
842 1220 1071 1289 Alexandrinus
1103 1220 1188 1305 apud
1213 1220 1383 1286 Eusebium
1411 1242 1518 1308 praep.
1541 1242 1648 1305 evang.
1669 1219 1753 1300 XIV,
1785 1220 1827 1285 23
1869 1217 1988 1285 Demo·

332 1336 446 1401 critum
466 1335 624 1425 maximas
644 1335 792 1401 statuisse
823 1334 920 1400 refert
946 1340 1068 1400 atomos
1101 1329 1133 1410 (δ
1166 1335 1199 1398 δὲ
1229 1331 1423 1417 Δημόκριτος
1453 1337 1596 1417 μεγίστας
1628 1330 1705 1396 εἶναί
1731 1355 1817 1406 τινας
1849 1330 1988 1412 α’τάμους

333 1444 506 1528 ὑπέλαβεν).
548 1445 668 1512 Eadem
689 1446 845 1511 sententie
855 1445 1034 1511 Democrito
1054 1442 1212 1509 tribuiturv
1225 1442 1311 1528 apud
1333 1440 1501 1509 Stobaeum
1523 1443 1578 1509 ecl.
1599 1442 1687 1528 phys.
1708 1465 1738 1527 p.
1758 1441 1832 1512 348.
1854 1436 1988 1505 δυνατδν

333 1556 362 1618 δ
394 1551 467 1620 εἶναι
499 1559 662 1637 κοσμιοίαν
693 1553 841 1643 ὑπάρχειν
873 1552 998 1640 ἄτομον.
1042 1554 1230 1620 Mullachius
1238 1557 1264 1634 1)
1296 1553 1421 1638 quidem
1454 1553 1718 1640 Papenccrdtium
1757 1573 1851 1637 quem
1879 1547 1990 1615 laudat

332 1673 458 1767 secutus
478 1666 539 1732 hoc
559 1687 670 1732 revere
681 1667 852 1732 Democriti
873 1688 940 1732 esse
962 1652 1124 1732 decretum
1145 1671 1248 1749 negat.
1291 1664 1352 1731 Sed
1375 1685 1567 1750 quamquam
1585 1664 1792 1744 concedimus,
1813 1657 1990 1728 Aristotelis

333 1778 373 1845 de
394 1778 456 1845 hac
477 1800 512 1845 re
533 1778 690 1844 silentium
712 1783 889 1861 suspectam
911 1797 980 1843 eam
1001 1776 1132 1843 reddere
1161 1785 1193 1843 et
1214 1776 1371 1843 Ciceronis
1392 1777 1495 1843 locum
1524 1776 1564 1843 de
1595 1783 1661 1846 nat.
1698 1775 1784 1845 deor.
1816 1773 1841 1855 1,
1862 1772 1914 1842 43.
1935 1770 1991 1836 ubi

332 1887 531 1954 Democritus
551 1886 652 1953 fertur
674 1888 822 1953 statuisse
843 1888 984 1971 ingentes
1006 1886 1159 1971 quasdem
1188 1889 1338 1972 imagines
1371 1895 1539 1972 tantasque
1566 1895 1603 1954 ut
1635 1888 1816 1953 universum
1837 1882 1989 1949 mundum

332 1999 581 2084 complectantur
600 1998 798 2078 extrinsecus,
820 2020 883 2065 non
904 1998 946 2064 ad
966 2003 1089 2065 atomos
1110 2005 1261 2084 spectare,
1282 1999 1338 2066 sed
1357 1999 1399 2065 ad
1420 1999 1587 2066 simulacra
1608 1999 1763 2080 (silleio),
1790 2003 1896 2062 temen
1918 2014 1990 2058 cum

330 2108 488 2189 Rittero²)
509 2115 622 2195 putare
643 2108 801 2189 malimus,
823 2108 1036 2175 Democritum
1057 2130 1120 2174 non
1142 2111 1218 2176 satis
1240 2116 1386 2176 accurate
1407 2133 1497 2177 suam
1518 2110 1557 2177 de
1578 2108 1791 2194 magnitudine
1812 2114 1989 2174 atomorum

331 2220 755 2311 sententiampronuntiasse.
786 2219 877 2286 Certe
897 2218 1085 2286 Mullachius
1106 2220 1233 2302 fallitur,
1255 2222 1281 2287 si
1292 2243 1364 2287 cum
1374 2222 1602 2309 Papencordtio
1613 2227 1737 2287 atomos
1758 2218 1892 2305 ingentis
1903 2237 1990 2301 mag·

332 2332 482 2398 nitndinis
492 2331 629 2416 Epicuro
639 2331 792 2412 attribuit,
813 2332 867 2415 qni
889 2338 998 2397 contra
1017 2337 1109 2396 tenta
1119 2333 1272 2416 gravitate
1294 2334 1483 2399 contrariam
1504 2332 1643 2399 defendit
1664 2332 1907 2410 sententiamut
1928 2348 1992 2393 non

332 2446 400 2512 sine
421 2466 516 2510 causa
526 2444 665 2510 Ritterus
685 2443 829 2509 eumhac
849 2443 919 2527 ipsa
939 2443 973 2507 iu
993 2464 1029 2508 re
1040 2442 1210 2509 Democriti
1238 2444 1389 2528 placitum
1399 2444 1535 2511 refutare
1550 2445 1683 2511 voluisse
1704 2444 1857 2529 conjiciet.
1901 2439 1992 2521 Diog.

333 2555 370 2625 Ιι.
391 2556 430 2637 X,
451 2556 503 2623 44.
526 2561 588 2620 πᾶν
606 2580 638 2621 τε
659 2557 791 2639 μέγεθος
810 2552 854 2640 μη“
876 2550 1026 2641 εἶναιπερὶ
1038 2552 1143 2631 αὐτάς·
1164 2553 1305 2619 οὐδέποτε
1326 2560 1400 2638 γοῦν
1421 2554 1540 2639 άτομος
1564 2556 1661 2644 ὤφθη
1688 2556 1840 2639 αἰσθήσει.
1864 2555 1914 2619 55.
1937 2552 1991 2619 56.

336 2665 415 2731 άλλά
424 2668 487 2750 μην
499 2666 570 2732 οὐδὲ
581 2667 632 2729 δεῖ
639 2665 770 2747 νομίζειν
783 2670 846 2729 πάν
856 2667 988 2748 μέγεθος
999 2665 1031 2727 ἓν
1041 2672 1108 2739 ταῖς
1120 2664 1247 2745 ἀτόμοις
1258 2662 1412 2748 ὑπάρχειν,
1422 2672 1473 2731 ἰ’να
1482 2663 1527 2750 μη
1537 2666 1578 2732 τά
1591 2667 1760 2754 φαινόμενα
1773 2665 1993 2747 α’ντιμαρτυρῇ,

335 2775 533 2861 παραλλαγάς
554 2775 589 2841 δέ
618 2800 705 2852 τινας
726 2779 868 2858 μεγεθῶν
890 2776 1049 2855 νομιστέον
1070 2770 1152 2836 εἶναι·
1173 2776 1294 2854 βέλτιον
1314 2777 1374 2858 γάρ
1396 2781 1446 2842 καὶ
1469 2777 1580 2842 τούτου
1603 2775 1769 2862 προςάντος
1789 2774 1829 2839 τά
1852 2771 1930 2837 κατά
1952 2766 1994 2836 τά

339 2885 430 2969 πάθη
452 2884 578 2962 καὶτὰς
600 2885 760 2968 αἰσθήσεις
770 2884 913 2968 γινόμενα
927 2884 1168 2970 ἀποδοθήσεται·
1198 2889 1262 2948 πάν
1294 2885 1326 2947 δι’
1346 2888 1477 2970 μέγεθος
1498 2884 1640 2974 ὑπάρχον
1662 2883 1729 2952 οὔτε
1751 2884 1904 2970 χρήσιμόν
1925 2883 1991 2946 ἐστι

336 2995 413 3078 πρδς
432 2993 491 3070 τάς
521 3000 583 3058 τῶν
615 2993 785 3076 ποιοτήτων
818 2991 979 3078 διαφοράς·
1002 2993 1142 3078 α’φΐχθαί
1169 3020 1201 3059 τε
1230 2997 1330 3079 μέλλει
1362 2999 1411 3062 καὶ
1433 2998 1511 3084 πρδς
1542 2997 1625 3084 ἡμᾶς
1647 2995 1742 3080 rigare}
1765 2994 1891 3077 ἄτομος,
1916 2988 1932 3055 ὁ
1956 2978 1995 3053 οὐ

336 3110 498 3186 θεωρεῖται
510 3102 668 3188 γινόμενον
679 3100 751 3166 οὔθ’
771 3100 856 3178 ὅπως
867 3101 907 3165 άν
916 3104 1030 3185 γένοιτο
1044 3102 1139 3187 ὁρατή
1152 3101 1269 3187 άτομος
1278 3106 1359 3172 ἔστιν
1370 3110 1534 3194 ἐπινοῆσαι.
1550 3107 1730 3174 Lucretium
1744 3098 1992 3189 adprehendam

336 3213 532 3292 seutentiam,
554 3211 692 3276 diversas
713 3218 890 3277 atomorum
910 3210 1026 3296 figuras
1048 3234 1111 3277 non
1132 3213 1269 3281 infinitas
1290 3238 1364 3298 esse,
1386 3222 1554 3305 praecipue
1574 3219 1627 3287 illo
1640 3220 1767 3286 decreto
1789 3218 1829 3283 de
1840 3215 1989 3281 divisione

337 3323 427 3389 finita
448 3328 480 3388 et
502 3319 599 3387 finitis
620 3322 769 3407 cujusque
792 3322 929 3404 corporis
950 3321 1093 3406 partibus
1116 3345 1206 3388 usum
1228 3346 1295 3391 esse
1324 3337 1464 3412 apparet
1508 3329 1589 3396 Nam
1620 3351 1683 3415 quo
1714 3329 1820 3414 plnres
1852 3326 1899 3391 rei
1930 3324 1989 3390 ali-

338 3436 426 3521 cujus
449 3439 556 3519 partes
577 3438 658 3513 sunt,
689 3452 770 3516 quae
791 3438 1047 3517 transponuntur,
1080 3455 1117 3500 eo
1137 3433 1243 3519 plures
1275 3438 1416 3505 diversae
1447 3438 1566 3509 formae
1597 3443 1630 3507 iu
1660 3462 1697 3506 ea
1729 3439 1809 3505 effici
1842 3442 1989 3523 possunt.

335 3546 431 3613 Nulla
451 3567 524 3611 vero
545 3565 596 3609 res
617 3540 755 3608 infinitas
775 3549 882 3627 partes
906 3544 1044 3610 continet
1064 3544 1196 3630 ideoque
1217 3569 1278 3613 non
1309 3550 1343 3613 in
1368 3548 1525 3617 infinitum
1545 3574 1651 3618 rerum
1682 3550 1801 3635 figurae
1833 3550 1918 3614 iuter
1957 3569 1992 3613 se

337 3659 463 3727 differre
483 3661 623 3742 possunt.
667 3653 808 3720 Εαιιδοιο
830 3654 958 3738 Epicuri
977 3654 1072 3720 fuisse
1093 3659 1332 3739 argumentandi
1360 3662 1514 3727 rationem
1536 3663 1719 3729 concludere
1739 3662 1814 3727 licet
1834 3681 1874 3725 ex
1895 3659 1984 3741 Diog.

340 3768 376 3837 L.
397 3770 437 3851 X,
458 3768 509 3850 42,
530 3768 582 3833 43.
625 3764 702 3850 πρός
721 3789 754 3830 τε
775 3763 894 3841 τούτοις
913 3764 954 3832 τά
978 3764 1080 3849 άτομα
1100 3774 1163 3833 τῶν
1185 3769 1340 3851 σωμάτων
1361 3773 1538 3857 reciprocat,
1572 3778 1603 3855 ἐξ
1626 3765 1669 3843 ὧν
1690 3776 1739 3839 καὶ
1762 3775 1792 3838 αἱ
1825 3772 1995 3856 συγκρίσεις

340 3881 487 3964 γίγνονται
509 3882 558 3942 καὶ
580 3881 622 3952 εἷς
643 3871 665 3940 ά
686 3874 857 3942 διαλύονται
869 3875 1059 3959 άπερθιηπτά
1080 3878 1144 3942 ἔστι
1164 3889 1231 3956 ταῖς
1253 3881 1414 3967 διαφοραῖς
1433 3889 1497 3949 τῶν
1517 3885 1695 3969 σχημάτων
1719 3884 1756 3950 οὐ
1774 3880 1835 3967 γάρ
1865 3876 1998 3946 δυνατόν

340 3988 484 4073 γενέσθαι
506 3987 565 4061 τάς
585 3982 737 4059 τοσαύτας
759 3983 909 4072 διαφοράς
930 3987 962 4049 ἐκ
983 3994 1045 4055 τιόν
1069 3986 1170 4053 αὐτῶν
1192 3990 1362 4072 σχημάτων
1382 3997 1642 4078 περιειλημμένων.
1687 3998 1749 4061 Καὶ
1773 3993 1846 4058 καθ’
1863 3988 1997 4072 ἑκάστην

343 4099 377 4163 δὲ
398 4094 584 4181 σχημάτισιν
606 4091 710 4167 δειλῶς
732 4092 853 4179 ἄπειροί
871 4100 945 4162 ελσιν
966 4093 1085 4180 άτομοι,
1107 4109 1173 4174 ταῖς
1195 4101 1228 4165 δι’
1248 4102 1408 4185 διαφοραῖς
1429 4103 1487 4187 οὐχ
1511 4104 1613 4180 άπλιῦς
1635 4104 1774 4189 άπειροι,
1798 4101 1878 4168 ἀλλὰ
1901 4100 1999 4182 μόνον

343 4207 549 4291 άπερίληπτοι.
596 4201 676 4268 Οὐδὲ
695 4203 755 4289 γάρ
778 4204 819 4282 εἰς
840 4202 965 4288 άπειρον
986 4205 1006 4291 ἦ
1026 4207 1107 4291 τομή
1127 4207 1287 4291 τυγχάνει,
1309 4209 1411 4295 λπειδή
1434 4217 1465 4278 αἱ
1497 4213 1655 4299 ποιότητες
1684 4213 1940 4296 μεταβάλλονται,
1974 4209 2001 4270 ελ

342 4316 386 4402 μή
407 4318 508 4399 μέλλει
529 4339 574 4391 τις
606 4317 655 4378 καὶ
676 4322 739 4387 τοῖς
759 4315 921 4397 μεγέθεσιν
942 4315 1046 4391 άπλῶς
1067 4320 1107 4393 εἷς
1129 4316 1256 4401 ἄπειρον
1277 4322 1375 4397 αὐτάς
1402 4325 1566 4404 ἐκβάλλειν.
1610 4324 1712 4402 Quam
1745 4320 1890 4407 magistri
1921 4339 1992 4384 sen·

343 4426 476 4493 tentiam
497 4424 662 4490 Lucretius
683 4444 746 4488 non
767 4423 867 4488 solum
888 4424 1048 4508 probavit,
1083 4428 1138 4493 sed
1159 4429 1389 4512 quodammodo
1411 4435 1505 4499 etiam
1537 4436 1660 4501 auxisse
1690 4434 1822 4501 ridetur.
1865 4427 1994 4514 Singula

346 4538 428 4603 enim
449 4535 692 4620 uniuscujusque
712 4532 830 4617 figurae
851 4535 1024 4619 primordia
1043 4560 1106 4604 non
1128 4542 1218 4624 paria
1238 4542 1293 4609 sed
1314 4543 1427 4609 similia
1448 4551 1571 4611 tantum
1593 4568 1660 4612 esse
1682 4545 1766 4626 dicit,
1787 4546 1834 4611 ita
1848 4549 1885 4607 ut
1905 4546 1998 4606 tanta

345 4651 460 4716 existat
479 4646 652 4715 formarum
672 4647 821 4727 varietas,
851 4654 970 4732 quanta
990 4654 1167 4715 atomorum
1189 4652 1390 4736 multitud02)
1422 4678 1450 4726 v.
1482 4657 1521 4737 ss,
1555 4660 1616 4725 377
1650 4678 1733 4743 sqq.t

415 4803 605 4868 ompm.

416 4887 440 4952 τ)
458 4887 476 4939 ι.
493 4887 511 4939 l.
528 4886 550 4947 1,
568 4904 593 4953 p.
611 4890 672 4941 rec.
691 4890 750 4942 εοι.

416 4973 441 5039 ³)
459 4973 546 5033 mter,
563 4973 580 5027 1.
597 4975 615 5030 1.
634 4990 660 5040 p.
679 4980 737 5029 101.
