4400 5584
1071 463 1120 544 28

313 665 553 734 comedendum.
596 668 639 733 At
658 667 743 752 quod
764 688 856 733 omne
877 672 933 747 est,
954 665 988 733 id
1009 687 1073 734 non
1093 667 1232 733 cernitur
1259 688 1298 732 ex
1327 666 1389 734 aiio
1421 666 1622 759 extrinsecus.
1665 665 1713 734 Ne
1745 666 1805 735 hoc
1836 665 1964 751 quidem

313 778 420 864 negari
441 784 553 863 potest.
596 777 682 843 Nihil
702 779 799 863 igitur
820 797 891 845 cum
912 777 1031 844 habeat
1052 783 1235 858 extremum,
1257 775 1413 844 infinitum
1434 778 1476 844 sit
1495 799 1622 845 necesse
1643 785 1701 846 est
1732 816 1778 831 -
1808 778 1964 864 Epicurea

305 887 453 972 ¹definitio
474 885 588 954 infiniti
610 893 725 972 quarta
745 894 793 953 est
814 887 899 972 apud
920 887 1122 954 Aristotelem
1142 886 1301 974 descripta
1318 888 1407 975 phys
1421 887 1476 970 ln
1498 888 1527 956 A
1548 888 1591 954 ἔτι
1611 892 1657 975 τῷ
1676 888 1713 953 τδ
1736 891 1963 975 πεπερασμένον

313 998 360 1063 cisi
382 995 460 1083 πρός
478 1024 508 1064 τι
529 1000 685 1083 περαίνειν,
707 995 785 1066 ὥστε
809 997 926 1081 δνιίγιιη
955 998 1052 1081 μηδὲν
1073 993 1147 1063 εἶναι
1169 1000 1277 1083 πίρας,
1309 998 1335 1063 ελ
1367 999 1413 1063 aet
1444 1003 1592 1086 περαίνειν
1624 998 1743 1083 α’νοίγκη
1762 999 1865 1083 ἓτερον
1885 1000 1964 1084 πρδς

309 1111 419 1191 ἓτερον.
462 1110 512 1175 Ad
533 1108 758 1175 Anaximandri
779 1109 968 1175 sententiam
989 1108 1075 1175 dicta
1106 1129 1145 1175 ea
1176 1132 1244 1178 eoae
1275 1110 1428 1191 videntur,
1461 1110 1501 1175 de
1533 1131 1596 1195 quo
1618 1108 1714 1176 Arist.
1735 1107 1798 1176 AL
1841 1112 1899 1174 τοτ’
1929 1108 1964 1172 δι’

310 1217 438 1302 οἰπίιροο
460 1219 516 1285 cdx
537 1219 619 1285 ἔστιν
641 1218 740 1304 οίρχή·
762 1220 806 1304 εἴη
826 1218 886 1305 yde
907 1219 947 1284 dr
969 1220 1064 1285 adteri
1085 1220 1191 1305 πίρας·
1214 1221 1256 1287 ἔτι
1278 1221 1312 1285 δί
1332 1222 1382 1286 καλ
1403 1221 1551 1307 οίγίνητον
1569 1217 1797 1305 καὶιλφδσρτον
1815 1214 1858 1294 ὦς
1878 1216 1962 1302 δρχῆ

311 1355 356 1406 τις
377 1320 498 1411 οὖσαι)

377 1441 426 1525 (b)
449 1440 625 1508 Secundum
646 1442 861 1508 Democritum
881 1441 974 1508 inane
995 1447 1043 1508 est
1062 1441 1220 1510 infinitum
1241 1465 1393 1530 superans
1413 1443 1580 1509 mutarim
1601 1441 1829 1528 magnitudine,
1857 1441 1904 1508 ita
1924 1447 1962 1509 ut

313 1552 545 1635 quodammodo
579 1552 665 1621 aliud
697 1574 810 1638 corpus
841 1553 874 1617 in
906 1552 1003 1618 aliam
1033 1555 1081 1619 sni
1113 1560 1236 1638 partem
1268 1559 1427 1639 receptam
1459 1553 1628 1625 contineat
1671 1552 1716 1619 ef.
1744 1550 1852 1637 Simpl.
1873 1550 1962 1638 phys.

309 1661 362 1729 foi.
387 1661 487 1733 1441).
531 1664 634 1748 Atque
653 1664 686 1729 in
708 1663 768 1729 hoc
790 1663 916 1748 quidem
936 1662 1058 1729 infinito
1086 1665 1174 1730 inani
1205 1665 1284 1732 nihil
1314 1686 1372 1731 nec
1403 1686 1569 1747 summum,
1600 1685 1702 1749 neque
1732 1662 1874 1730 infimum
1904 1684 1962 1729 nec

312 1771 450 1839 medium
471 1794 573 1858 neque
594 1773 747 1855 ultimum,
770 1795 871 1858 nsque
892 1780 1067 1841 extremum
1087 1782 1145 1843 est
1188 1775 1253 1845 oie.
1282 1777 1322 1843 de
1349 1774 1401 1843 fin.
1430 1775 1462 1855 1,
1492 1779 1521 1842 6.
1564 1774 1741 1860 Simplicius
1768 1773 1811 1840 ad
1832 1773 1960 1840 Aristot.

309 1882 350 1949 de
372 1884 447 1951 coel.
468 1883 522 1951 fol.
546 1887 607 1952 165
616 1884 648 1952 b.
692 1884 836 1970 α’ντιλίγει
856 1882 970 1968 μετσξδ
992 1883 1069 1969 πρδς
1090 1885 1163 1963 roda
1192 1890 1372 1971 νομίζοντας
1393 1885 1469 1953 είνοιί
1484 1911 1514 1950 τι
1535 1889 1568 1953 ἓν
1597 1885 1704 1971 κόσμῳ
1735 1883 1770 1949 ro*
1804 1884 1861 1968 μίν
1893 1880 1960 1949 οἴνα

309 1995 345 2062 sd
368 1995 402 2060 δὲ
421 1994 514 2066 ιιιίτιο.
539 1994 664 2080 Ταύτης
684 1997 718 2059 δὲ
737 1995 877 2079 γεγόνασι
899 1999 954 2079 τῆς
974 1994 1065 2080 δδξης
1084 1995 1322 2082 Ἀναξίμανδρος
1341 1998 1399 2079 μὲν
1419 1999 1469 2062 καί
1483 1995 1679 2082 Δημόκριτος
1699 1991 1751 2058 διδ
1774 1992 1810 2058 vd
1833 1992 1961 2078 ἄπειρον

310 2103 519 2171 ὑποτίθεσθαι
540 2104 576 2170 rc*
598 2112 673 2173 ποῖν.
695 2104 727 2168 ίν
747 2102 807 2189 γδρ
829 2106 874 2193 τῷ
902 2102 1017 2193 α’πείριρ
1038 2105 1129 2170 οδδίν
1151 2107 1235 2174 ίστιν
1256 2105 1322 2172 εἶναι
1344 2108 1364 2193 η“
1384 2108 1470 2173 adro)
1493 2104 1592 2193 φύσει·
1613 2102 1679 2188 ὅροι
1699 2105 1760 2190 γδρ
1781 2109 1878 2171 ταῦτα
1909 2104 1960 2167 καὶ

310 2215 426 2297 πίρατα
458 2214 661 2292 διαστάσεως.
703 2215 792 2283 Idem
821 2219 1006 2303 corpuscula
1026 2218 1268 2286 innumerabilia
1289 2243 1356 2289 esse
1377 2220 1459 2301 vult,
1492 2217 1702 2303 nequeenim
1734 2238 1774 2283 ex
1805 2237 1842 2282 eo
1873 2212 1960 2299 quod

310 2344 382 2389 vere
402 2345 500 2399 unum
521 2325 564 2391 sit
585 2325 818 2391 multitudinem
847 2327 934 2392 nasci
965 2348 1071 2411 posse,
1103 2350 1205 2412 neque
1236 2351 1277 2396 ex
1307 2331 1346 2398 iis
1373 2351 1454 2415 qnae
1485 2348 1596 2413 reapse
1627 2326 1727 2393 multa
1758 2326 1829 2405 sint,
1861 2346 1958 2391 unum

311 2434 397 2502 oriri.
439 2436 570 2505 Ariatot
592 2436 631 2502 de
654 2458 723 2521 gen.
746 2444 779 2503 et
799 2458 879 2508 corr.
899 2438 923 2517 l,
945 2440 976 2506 8.
1020 2437 1086 2502 ἀλλ’
1108 2435 1182 2504 είναι
1203 2439 1239 2505 ro*
1261 2449 1401 2509 τοιοίτον
1421 2441 1480 2525 οὐχ
1500 2438 1542 2519 ἵν,
1563 2437 1629 2502 ἄλλ’
1651 2434 1761 2519 ἄπειρα
1780 2436 1818 2502 vd
1837 2439 1959 2520 πλῆθος

311 2550 360 2612 καί
383 2547 503 2631 οίδρατα
524 2546 576 2611 διοὶ
598 2548 787 2633 σμικρότητα
808 2554 870 2615 τῶν
891 2544 997 2634 ὄγκιον.
1026 2585 1068 2599 -
1098 2549 1131 2612 ἐκ
1152 2551 1186 2612 δὲ
1206 2557 1263 2617 τοῦ
1283 2553 1357 2615 καθ’
1379 2551 1529 2636 ἀλήθειαν
1559 2546 1625 2623 ἕνδς
1657 2545 1712 2611 οείι
1744 2545 1784 2613 cir
1813 2546 1957 2631 γενέσθαι

311 2661 439 2740 πλῆθος,
462 2656 527 2724 ov‘o'
548 2660 580 2722 ἐκ
601 2661 664 2722 τῶν
687 2657 815 2742 danao<
838 2661 959 2722 πολλῶν
980 2658 1021 2738 i'r,
1042 2658 1110 2722 ἀλλ’
1132 2655 1203 2724 εἶναι
1230 2659 1312 2725 τοῦτ’
1340 2660 1503 2727 α’δδναῐον.
1538 2696 1581 2709 -
1615 2657 1744 2742 Epiqmi
1769 2656 1957 2723 sententiam

308 2765 429 2853 profert
448 2767 538 2853 Diog.
559 2768 595 2838 L.
617 2767 656 2836 X.
678 2766 730 2836 42,
774 2771 823 2833 καί
843 2767 906 2851 μην
933 2770 982 2832 καί
1004 2775 1049 2858 τῷ
1069 2769 1181 2855 πλήθει
1210 2775 1272 2836 τῶν
1293 2770 1448 2854 σωμάτων
1480 2767 1606 2853 ἄπειρόν
1639 2769 1702 2834 ἔστι
1734 2764 1770 2832 vd
1803 2771 1875 2851 noir,
1908 2768 1957 2831 καί

308 2884 355 2968 τῷ
373 2880 496 2964 μεγίδει
518 2884 575 2943 τοῦ
596 2884 692 2944 κενοῦ·
714 2879 770 2945 εἴτε
791 2878 852 2964 γδρ
873 2871 912 2964 ἦν
930 2879 967 2943 td
995 2879 1084 2944 κενδν
1103 2880 1231 2966 ἄπειρον
1249 2880 1290 2945 τοί
1322 2882 1356 2944 δὲ
1387 2879 1519 2962 σώματα
1552 2875 1715 2963 ιδρισμίνα,
1746 2876 1885 2959 οδδοιμοῦ
1917 2873 1957 2943 dr

308 2988 394 3071 ἔμενε
414 2989 456 3056 ιδ
479 2990 619 3070 σιδματα,
631 2989 697 3053 ἀλλ’
718 2991 840 3073 ίρίρετο
863 2987 943 3053 acrei
964 2987 1000 3055 εδ
1022 2988 1149 3075 ἄπειρον
1169 2989 1482 3075 ιιενδνδιεσπαρμίνα,
1503 2985 1681 3069 οδκῖχοντα
1701 2988 1742 3054 τα
1760 2987 1956 3071 δπερείδοντα

309 3100 359 3164 καί
382 3102 546 3165 στίλλοντα
566 3099 646 3164 κατδ
667 3099 722 3175 τοῖς
746 3099 913 3174 α’νακοποίς·
935 3099 990 3164 εἴτε
1012 3098 1147 3167 τὸιιενδν
1167 3093 1397 3187 ἦνιδρισγιίνον,
1419 3099 1475 3164 oda
1497 3097 1537 3164 dr
1557 3095 1617 3182 εἶχε
1638 3098 1679 3164 τοὶ
1702 3096 1812 3183 ἄπειρα
1824 3095 1954 3178 σώματα

309 3211 386 3276 ὅπου
407 3210 558 3294 ἐνίστηῖ)

379 3324 424 3400 (c)
457 3320 505 3387 De
530 3320 659 3406 globosa
691 3323 826 3388 universi
853 3320 955 3406 figura
985 3323 1093 3388 omnes
1124 3321 1190 3388 fere
1220 3322 1419 3389 consentiunt
1447 3326 1573 3406 praeter
1593 3318 1807 3385 Democritum
1828 3318 1957 3402 ejusque

308 3435 478 3495 sectatores
499 3429 683 3516 philosophi.
726 3432 932 3497 Anaximenes
953 3437 1071 3496 terram
1091 3433 1225 3516 primam
1246 3437 1348 3497 ortam
1369 3438 1465 3515 atque
1485 3452 1525 3497 ex
1545 3449 1584 3495 ea
1603 3433 1766 3512 tamquam
1787 3448 1826 3493 ex
1846 3434 1954 3493 centro

307 3540 413 3619 solem,
435 3540 551 3621 lunam,
573 3541 676 3607 sidera
697 3543 803 3628 genita
824 3564 891 3609 esse
912 3540 1058 3607 decrevit
1080 3540 1167 3609 Stob.
1190 3541 1246 3611 eei.
1259 3540 1284 3622 1,
1305 3563 1336 3626 p.
1348 3540 1421 3608 510.
1432 3539 1504 3607 524
1548 3539 1596 3605 De
1607 3538 1744 3622 Diogene
1755 3536 1955 3622 Apolloniata

308 3650 407 3717 refert
417 3650 510 3735 Diog.
522 3651 556 3717 L.
568 3652 622 3734 IX,
634 3654 684 3718 57.
726 3652 783 3739 τήν
802 3661 858 3740 γῆν
879 3650 1073 3739 στρογγύλην,
1095 3653 1308 3737 ἐρηρεισμένην
1329 3655 1361 3716 ἓν
1382 3655 1426 3739 τῷ
1446 3651 1540 3738 μίσῳ,
1561 3651 1617 3733 τήν
1629 3646 1777 3713 σύστασιν
1797 3650 1954 3733 εἰληφυῖαν

306 3760 387 3824 κατα
409 3758 466 3845 τήν
487 3761 520 3825 ix
540 3768 597 3826 τοῦ
617 3766 739 3843 θερμοῦ
759 3760 931 3850 περιφοροὶν
952 3764 1001 3827 καί
1022 3763 1111 3845 πῆξιν
1131 3756 1191 3825 int
1212 3765 1269 3827 τοῦ
1288 3765 1423 3846 ψυχροῦ.
1466 3757 1699 3826 Anaximander
1729 3765 1848 3825 terram
1879 3762 1953 3824 aire

307 3878 340 3939 et
360 3872 490 3957 paribus
518 3873 560 3939 ab
592 3873 727 3939 universi
758 3871 872 3939 finibus
903 3870 1074 3965 intervallis
1108 3872 1141 3936 in
1173 3869 1275 3935 medio
1308 3871 1460 3936 contineri
1491 3871 1619 3939 censuit
1661 3869 1752 3953 Diog.
1784 3869 1819 3936 L
1851 3867 1890 3949 11,
1922 3868 1951 3938 1.

305 3983 449 4051 Eandem
470 3985 657 4051 sententiam
676 3982 876 4068 amplectitur
896 3985 1099 4067 Anaxagoras
1120 3981 1250 4046 Aristot.
1272 3979 1311 4045 de
1334 3979 1410 4047 coel.
1436 3980 1483 4062 11,
1513 3982 1562 4051 13.
1604 3978 1811 4064 Pythagoraei
1843 4000 1951 4046 secun·

306 4093 381 4161 dnm
403 4094 685 4175 enimenin,
709 4094 757 4173 13,
790 4093 837 4159 ee
857 4096 1031 4177 toriniano
1053 4099 1113 4179 πῖρ
1136 4088 1213 4156 είναί
1241 4115 1327 4177 φασι.
1370 4089 1418 4157 De
1439 4089 1640 4175 Xenophane,
1661 4089 1845 4157 Eleatarum
1865 4090 1951 4175 prin·

304 4207 374 4291 cipe
395 4205 473 4272 hoec
494 4212 568 4272 sunt
587 4204 764 4272 Aristotelis
785 4202 860 4270 Met.
880 4203 904 4284 1,
927 4204 956 4274 δ.
999 4201 1099 4288 πάντη
1121 4200 1148 4264 δ
1170 4198 1278 4284 ὅμοιον
1299 4198 1374 4265 ὄντα
1395 4206 1575 4288 σφαιροειδῆ
1596 4195 1678 4265 εἶναι·
1702 4200 1740 4268 οδ
1756 4198 1816 4286 γαρ
1838 4205 1876 4287 τῇ
1895 4205 1951 4281 μὲν

307 4324 348 4404 τῇ
362 4319 389 4380 δ”
410 4315 449 4381 ου’
469 4323 609 4382 τοιοῦτον
621 4311 703 4395 είναι,
726 4312 807 4378 aaa
829 4314 938 4402 πιίντη·
961 4313 1062 4378 uidcor
1083 4310 1111 4375 δ
1132 4309 1208 4376 ὄντα
1221 4313 1270 4376 καὶ
1292 4311 1344 4375 ἕνα
1365 4316 1415 4378 καλ
1437 4313 1626 4397 σφαιροειδῆ,
1649 4312 1713 4378 οὔτ’
1734 4309 1861 4397 ἄπειρον
1882 4311 1951 4378 οὔτε

307 4431 511 4512 πεπερᾶσθαι.
553 4423 747 4491 Parmenidis
779 4424 941 4492 decretum
969 4429 1018 4489 eat
1048 4421 1135 4507 apud
1157 4420 1264 4506 simpl.
1296 4420 1384 4506 phys.
1413 4421 1465 4488 fol.
1487 4420 1567 4488 aib.
1610 4413 1721 4503 Αὖταρ
1755 4424 1816 4486 ἐπεὶ
1848 4430 1952 4506 πεῖρας

306 4535 448 4618 πδματον
468 4538 679 4618 τετελεσμένον
700 4535 792 4613 ἐστίν,
814 4535 972 4600 πάντοθεν
992 4530 1136 4598 εδκδκλοο
1161 4531 1292 4617 σφαίρης
1317 4533 1482 4616 ἐναλίγκιον
1503 4528 1600 4630 ὄγκῳ,
1631 4532 1790 4614 μίσσοθεν
1810 4528 1952 4607 ίσδπαλες

376 4818 398 4882 ¹)
415 4816 554 4869 Beiuacker
571 4818 588 4871 l.
604 4817 624 4873 1.
642 4834 668 4883 p.
686 4823 729 4875 at.

375 4906 399 4971 ²)
416 4903 537 4957 Muilaeh.
555 4905 574 4957 1.
591 4904 609 4954 i.
626 4921 650 4970 ρ.
668 4904 727 4957 ³7⁷.
