4400 5584
1048 494 1188 600 α’

292 725 384 788 inane
406 722 576 806 quidquam
599 730 690 807 putes
712 734 786 805 esse,
809 745 881 788 cum
903 725 949 788 ita
970 725 1126 809 completa
1147 731 1179 789 et
1200 724 1339 791 conferta
1359 726 1423 791 sint
1451 727 1570 807 onmia,
1599 732 1635 792 ut
1656 725 1740 810 quod
1762 723 1937 791 movebitur

293 854 458 919 corporum
480 833 572 898 cedat
593 841 625 899 et
646 855 709 917 qua
731 834 876 931 quodque
898 837 1025 900 cesserit
1047 834 1132 900 aliud
1153 836 1235 901 illico
1258 837 1486 921 subsequatur?

345 950 404 1021 ¹(e)
426 943 623 1009 Democritus
645 944 722 1008 nihil
745 964 811 1010 esse
831 966 937 1010 verum
960 946 1080 1011 censuit
1107 954 1233 1030 praeter
1260 948 1439 1013 insecabilia
1469 969 1613 1033 corpora,
1640 969 1746 1013 rerum
1771 947 1937 1031 qualitates

293 1057 438 1139 ipsasque
460 1076 510 1120 res
529 1056 702 1140 primorum
724 1075 890 1140 corporum
917 1058 1132 1140 conjunctione
1153 1063 1244 1124 natas
1269 1080 1332 1123 non
1353 1050 1453 1143 aeque
1474 1080 1563 1125 veras
1593 1066 1690 1142 atque
1710 1042 1795 1143 ipsas
1816 1065 1936 1124 atomos

293 1165 403 1231 haberi
424 1174 569 1250 oportere
586 1164 744 1251 judicarit.
788 1166 848 1233 Sed
870 1166 948 1232 alias
977 1173 1010 1231 et
1040 1189 1090 1233 res
1113 1175 1145 1233 et
1166 1169 1334 1251 qualitates
1366 1192 1405 1236 ex
1436 1176 1611 1236 atomorum
1642 1175 1757 1235 natura
1787 1171 1937 1254 originem

293 1261 433 1356 uehunt
456 1278 539 1343 aliae
560 1278 721 1343 hominum
743 1278 886 1363 opinione
908 1285 939 1344 et
959 1280 1104 1345 instituto
1126 1281 1332 1347 continentur.
1375 1281 1459 1348 Sext.
1481 1281 1572 1366 Emp.
1593 1280 1938 1361 adr.math.Vss,135.

296 1387 456 1465 (Mullach.
479 1388 498 1456 l.
521 1389 541 1455 l.
562 1411 592 1473 p.
614 1389 701 1468 201.)
723 1390 822 1476 Νόμῳ
843 1386 914 1472 γάρ,
936 1410 1021 1474 φησι,
1041 1391 1143 1475 γλακί,
1165 1393 1213 1453 καὶ
1236 1390 1319 1478 νόμῳ
1342 1392 1458 1476 πικρόν,
1480 1392 1564 1479 νόμῳ
1575 1391 1711 1475 ψυχρόν,
1732 1391 1817 1478 νόμῳ
1838 1391 1938 1476 χραιῆ·

296 1502 364 1586 ἐτεῇ
386 1501 419 1563 δὲ
441 1495 543 1583 ἄτομα
566 1505 614 1564 καὶ
635 1502 729 1569 κενόν.
751 1499 789 1566 cf.
812 1500 956 1583 Diog.'L.
979 1501 1032 1579 lx,
1053 1501 1103 1566 λλ.

362 1609 516 1693 Epicurus
526 1630 576 1693 ap.
588 1609 676 1694 Diog.
687 1611 721 1675 L.
733 1611 771 1679 X.
783 1609 833 1674 40.
867 1610 951 1696 acori
974 1612 1006 1675 δὲ
1026 1616 1122 1676 reiro
1134 1614 1237 1691 (σῶμα
1247 1612 1295 1675 καὶ
1306 1610 1406 1691 κενὸν)
1420 1611 1515 1677 οὐθὲν
1525 1612 1721 1695 ἐπινοηθῆναι
1733 1610 1858 1675 δύναται
1868 1610 1937 1675 οὕτε

296 1834 336 1906 εἰς
356 1827 395 1893 roi
416 1830 535 1896 τούτων
557 1830 769 1913 συμπτώματα
789 1830 809 1916 ἢ
831 1829 1046 1914 συμβεβηκότα
1068 1832 1221 1915 λεγόμενα.
1265 1830 1412 1914 Sequitur
1441 1830 1596 1914 (68-74)
1629 1829 1798 1914 disputatio
1819 1828 1939 1911 longior

209 1964 225 1995 ¹
296 1943 342 2007 ita
364 1948 560 2025 comparata,
592 1948 629 2006 ut
650 1941 803 2026 Epicurus
831 1941 891 2006 hac
912 1941 1079 2025 praecipue
1116 1940 1157 2004 ad
1178 1963 1284 2006 veram
1315 1942 1556 2026 primordiorum
1588 1946 1733 2005 naturam
1765 1939 1848 2003 tiam
1880 1939 1939 2003 sibi

297 2072 423 2138 parasse
445 2052 596 2118 rideatur.
639 2052 758 2118 Statuit
778 2054 876 2133 enim,
907 2070 998 2117 omne
1020 2070 1132 2136 corpus
1154 2072 1229 2134 esse,
1263 2052 1318 2118 sed
1340 2054 1482 2119 distinxit
1512 2052 1545 2116 id
1567 2049 1651 2135 quod
1682 2073 1740 2136 per
1772 2071 1805 2116 se
1826 2071 1939 2134 corpus

295 2171 344 2231 est
365 2164 406 2231 ab
417 2164 567 2248 eo,'quod
588 2164 621 2229 iu
633 2171 897 2248 corporetantum
909 2157 1030 2231 accidit.
1052 2162 1131 2228 Cum
1141 2184 1215 2229 vero
1226 2164 1369 2231 accidens
1379 2165 1412 2230 id
1423 2185 1490 2230 esse
1501 2161 1660 2248 significet,
1672 2161 1755 2246 quod
1766 2164 1799 2227 in
1810 2182 1939 2246 corpore

296 2298 388 2342 sensu
408 2275 607 2360 percipiatur,
630 2276 815 2340 senteutiam
825 2276 927 2358 tangit
938 2275 1150 2357 gravissimam
1162 2296 1292 2360 eamque
1313 2283 1413 2341 totam
1425 2276 1458 2339 in
1480 2274 1623 2340 doctrina
1644 2274 1683 2339 de
1694 2273 1834 2339 sensibus
1845 2272 1940 2338 collo·

298 2395 411 2454 catam.
454 2388 617 2452 Lucretius
629 2387 753 2453 easdem
774 2386 944 2452 sententias
962 2388 1070 2471 paucis
1091 2393 1217 2452 tautum
1238 2387 1408 2453 adumbrat
1418 2398 1450 2452 et
1470 2387 1572 2451 minus
1593 2384 1749 2450 subtiliter
1769 2382 1940 2466 distinguit

365 2496 413 2582 (l)
435 2496 548 2562 Sextus
569 2496 743 2580 Empiricos
763 2497 844 2581 (adr.
867 2496 963 2563 math.
987 2497 1024 2575 X,
1050 2499 1124 2573 181)
1146 2504 1270 2582 tempus
1292 2498 1461 2563 secuudum
1482 2496 1652 2581 Epicurum
1674 2504 1707 2560 et
1727 2494 1940 2559 Democritum

298 2606 468 2690 ἦμεροειδὲς
488 2607 538 2668 καὶ
560 2607 725 2682 roncata
745 2604 912 2692 φάντασμα
934 2626 1000 2673 esse
1022 2608 1076 2677 ait.
1120 2608 1162 2673 At
1189 2609 1233 2673 ibi
1258 2630 1315 2693 pro
1337 2608 1507 2675 Democriti
1528 2605 1679 2672 Demetrii
1709 2624 1823 2670 nomeu
1850 2605 1941 2669 resti-

299 2717 449 2783 tuendum
479 2738 545 2783 esse
574 2723 679 2782 censet
699 2716 846 2786 Mullach.
877 2717 897 2783 l.
930 2718 950 2783 l.
982 2742 1013 2803 p.
1046 2719 1120 2791 379.
1160 2720 1234 2785 Fuit
1256 2721 1337 2785 enim
1358 2720 1534 2785 Demetrius
1556 2716 1736 2801 Epicureus,
1769 2715 1808 2780 de
1829 2736 1892 2800 quo
1913 2736 1941 2782 v.

299 2828 375 2895 Sext
395 2827 485 2911 Emp.
507 2826 545 2907 X,
569 2827 641 2893 219.
685 2817 829 2894 Ceterum
851 2829 1003 2909 nonnulli,
1037 2837 1074 2896 ut
1106 2831 1205 2895 tradit
1235 2830 1417 2895 Aristoteles
1438 2830 1525 2915 phys.
1547 2827 1599 2908 IV,
1622 2812 1671 2894 10.
1693 2832 1817 2912 tempus
1836 2848 1943 2893 rerum

297 2938 507 3004 universitatis
528 2945 648 3003 motum
670 2941 741 3025 (τήν
761 2944 817 3004 τοῦ
838 2939 911 3005 ὅλου
932 2944 1058 3024 κίνησιν)
1082 2962 1149 3007 esse
1171 2943 1314 3027 ajebaut,
1341 2962 1421 3025 quae
1443 2937 1613 3005 Democriti
1633 2934 1768 3003 fortasse
1789 2936 1943 3002 sententia

298 3048 366 3119 fuit.
411 3048 457 3118 Cf.
480 3050 607 3119 Aristot.
628 3051 716 3135 phys,
738 3050 853 3130 IV,10.
877 3050 923 3117 du
944 3052 1001 3133 μὲν
1021 3044 1077 3117 cdv
1099 3051 1178 3131 ὅλως
1200 3053 1255 3119 caia
1277 3052 1358 3119 ἔστιν
1380 3050 1413 3134 (d
1423 3050 1549 3135 χρόνος)
1569 3045 1589 3133 ἢ
1609 3047 1697 3134 μόγις
1717 3051 1765 3111 καλ
1786 3045 1941 3129 ductoria

299 3163 332 3225 da
353 3163 450 3225 τῶνδέ
468 3184 515 3236 τις
537 3161 576 3225 ἄν
595 3159 809 3226 incusationes
830 3215 838 3232 .
859 3160 895 3226 sd
916 3163 972 3242 pir
992 3162 1051 3245 γαρ
1083 3163 1179 3230 oritoni
1210 3168 1310 3250 γέγονε
1343 3145 1391 3229 καὶ
1425 3162 1481 3227 ot'x
1514 3162 1587 3228 ’ἐστι’
1629 3157 1664 3226 td
1699 3158 1732 3223 δὲ
1763 3158 1861 3238 μέλλει
1893 3156 1943 3219 καὶ

301 3268 386 3336 udum
408 3272 499 3347 dorla,
520 3273 552 3336 dx
576 3273 608 3337 δὲ
627 3270 746 3335 τούτων
767 3275 815 3335 καὶ
838 3269 855 3334 d
878 3271 1000 3356 ἄπειρος
1021 3276 1070 3337 καὶ
1092 3273 1111 3339 o‘
1134 3277 1178 3340 olel
1201 3276 1436 3357 λαμβανόμενος
1455 3270 1567 3356 χρόνος
1596 3269 1745 3352 σύγκειται
1768 3317 1776 3332 .
1797 3265 1834 3331 td
1857 3265 1890 3329 δὲ
1910 3266 1943 3329 ἔκ

299 3380 343 3467 μὴ
376 3377 475 3444 ὄντων
507 3383 698 3465 συγκείμενον
728 3380 881 3446 α’δύνατον
911 3383 950 3447 oia
977 3381 1070 3457 δόξειε
1101 3388 1241 3466 μετέχειν
1272 3382 1384 3460 οὐσίας.
1447 3380 1535 3445 Idem
1567 3379 1675 3444 eodem
1707 3377 1788 3442 libro
1820 3380 1943 3459 tempus

300 3492 417 3576 duplex
443 3512 509 3557 esse
538 3491 618 3556 dixit
648 3490 764 3573 χρόνον
796 3493 948 3577 αἰσθητόν
980 3492 1029 3555 καὶ
1060 3492 1111 3557 dud
1143 3492 1235 3578 λόγου
1268 3492 1437 3579 θεωρητόν.
1480 3490 1643 3555 Lucretius
1674 3495 1797 3571 tempus
1828 3485 1945 3571 duplex

301 3601 454 3688 significat
474 3600 526 3683 IV,
549 3602 619 3671 tta.
640 3604 712 3670 792.
734 3602 807 3670 tat.

369 3711 444 3798 Gap.
465 3711 521 3782 III.
564 3711 717 3790 Quoniam
737 3711 818 3778 duae
838 3720 970 3779 naturae
990 3718 1134 3798 repertae
1154 3720 1227 3779 sunt
1247 3714 1330 3778 iuter
1350 3734 1383 3778 se
1403 3711 1635 3788 dissimillimae,
1659 3730 1771 3795 corpus
1793 3713 1825 3773 et
1845 3707 1945 3788 inane,

215 3828 249 3893 in
270 3846 331 3911 quo
349 3827 436 3891 inani
457 3823 628 3910 primordia
650 3829 723 3889 suut
744 3834 776 3889 et
796 3829 974 3904 moventur,
1007 3842 1133 3890 necesso
1164 3829 1212 3889 est
1239 3822 1320 3887 hanc
1351 3828 1516 3906 utramque
1547 3826 1694 3886 naturam
1725 3839 1793 3885 esse
1822 3839 1880 3903 per
1910 3839 1944 3884 se

215 3957 335 4003 meram
356 3943 389 4002 et
410 3955 530 4020 puram,
551 3934 585 3999 id
606 3939 655 3999 est
674 3933 896 4018 primordia
916 3935 1051 4000 inanis
1074 3955 1157 4000 esse
1179 3934 1374 4018 expertia,
1398 3939 1430 3998 et
1448 3940 1558 3999 contra
1577 3934 1693 3998 inane
1715 3952 1782 3997 esse
1802 3931 1944 4012 incorpo-

215 4067 304 4112 reum
326 4051 358 4110 et
378 4045 425 4110 ab
447 4044 552 4109 omni
574 4064 747 4127 corpore
768 4064 942 4109 vacuum.
984 4042 1064 4109 Nam
1093 4045 1121 4110 si
1141 4043 1261 4110 nullum
1291 4051 1374 4111 esset
1403 4045 1496 4109 inane
1527 4064 1584 4128 per
1614 4064 1647 4108 se
1680 4049 1712 4107 et
1743 4062 1764 4106 a
1795 4057 1944 4123 corporea

217 4162 332 4222 natura
353 4162 540 4238 separatum,
561 4153 732 4237 primordio
752 4175 815 4220 nou
836 4152 1003 4236 haberent,
1030 4155 1085 4220 ubi
1107 4157 1312 4222 consisterent
1331 4160 1387 4222 aut
1407 4177 1471 4240 qua
1490 4160 1697 4221 moverentur.
1740 4150 1855 4217 Contra
1876 4169 1944 4213 cor-

216 4286 295 4352 pora
314 4265 418 4349 prima
447 4263 701 4329 solidissima
730 4270 768 4328 ct
795 4263 1101 4347 simplicissima
1121 4271 1195 4332 sunt
1217 4270 1273 4353 (a).
1315 4268 1377 4334 Res
1399 4268 1482 4333 enim
1502 4267 1624 4350 genitae
1646 4265 1762 4330 habeut
1789 4262 1822 4325 in
1842 4280 1876 4325 se
1897 4259 1944 4324 in·

218 4377 337 4443 canum
357 4378 466 4455 inaue;
488 4374 580 4440 aliter
601 4395 664 4440 non
686 4374 850 4439 interirent
873 4395 975 4458 neque
995 4360 1244 4445 dissolverentur.
1288 4377 1378 4456 Quod
1406 4378 1433 4443 si
1459 4394 1529 4442 eam
1554 4376 1656 4462 ipsam
1677 4373 1717 4439 ob
1742 4392 1869 4437 cansam
1896 4369 1945 4435 in·

217 4494 351 4569 emunt,
372 4488 447 4572 quia
466 4488 500 4551 iu
522 4486 562 4551 iis
582 4493 632 4551 est
650 4486 759 4567 mano,
780 4487 943 4551 materiam
964 4483 1101 4570 aliquam
1123 4486 1254 4553 solidam
1280 4495 1313 4554 et
1337 4490 1438 4554 inanis
1465 4494 1624 4572 expertem
1651 4489 1793 4549 constare
1817 4500 1945 4548 necesse

218 4606 275 4681 est,
295 4620 335 4665 ne
355 4620 406 4664 res
427 4616 535 4663 omnes
555 4595 597 4662 ad
617 4594 748 4661 nihilum
767 4596 958 4680 redigantur.
1000 4595 1109 4680 Neque
1130 4597 1294 4681 quisquam
1314 4606 1370 4680 est,
1392 4600 1446 4683 qui
1466 4598 1600 4683 probare
1619 4594 1732 4680 possit,
1759 4593 1857 4659 ullum
1877 4614 1945 4658 rem

218 4728 349 4795 corpore
369 4730 426 4775 suo
446 4709 539 4774 inane
561 4708 727 4789 continere,
747 4709 808 4775 nisi
827 4709 860 4774 id
881 4709 966 4793 quod
987 4709 1126 4775 continet
1146 4710 1278 4776 solidum
1299 4730 1367 4776 esse
1387 4708 1533 4775 fateatur.
1575 4740 1618 4758 ι·-
1659 4705 1779 4772 Deinde
1804 4707 1855 4785 ut,
1886 4703 1947 4771 nisi

218 4822 311 4888 inane
333 4828 422 4902 esset,
444 4842 535 4888 omno
556 4822 638 4885 meet
658 4819 792 4904 plenum,
814 4821 861 4886 its
881 4821 942 4886 nisi
961 4820 1088 4904 plenum
1110 4821 1229 4906 aliquid
1250 4828 1348 4903 esset,
1374 4828 1475 4887 toturn
1497 4819 1673 4885 uuiversum
1700 4817 1837 4902 spatium
1864 4821 1945 4883 esset

217 4934 318 5014 mane
339 4931 372 4998 id
394 4931 478 5016 quod
499 4931 629 5016 cogitari
650 4952 713 4997 non
733 4934 845 5017 potest.
888 4928 950 4997 Sed
968 4952 1079 5000 rerem
1102 4932 1163 5000 hoc
1182 4934 1359 5000 uuiversum
1384 4950 1487 5017 neque
1518 4944 1645 5015 prorsus
1663 4928 1803 5014 ¹plenum
1835 4932 1884 4993 est
1914 4930 1945 4990 et
