4400 5584
1059 499 1168 613 τι,

316 699 461 768 seriorem
482 706 594 786 suopte
614 700 764 787 pondere,
781 700 858 767 nihil
879 700 946 769 for'e
967 702 1000 767 in
1019 708 1129 769 nostra
1159 707 1332 787 potestate,
1361 699 1446 786 quod
1467 705 1549 767 esset
1579 721 1688 766 earum
1710 704 1815 765 motus
1846 704 1951 766 certus

317 815 352 877 et
370 811 571 892 necessarius,
591 811 709 877 invenit
728 811 885 897 quomodo
899 812 1117 880 necessitatem
1140 813 1297 900 effugeret,
1320 813 1405 898 quod
1425 812 1569 879 videlicet
1579 811 1792 878 Democritum
1809 808 1951 895 fugerat:

316 919 364 986 ait
384 925 533 1003 atomum,
554 943 627 988 cum
647 921 785 1008 pondere
806 928 839 989 et
859 924 1012 1008 gravitate
1032 924 1152 991 directo
1162 925 1309 993 deorsum
1328 924 1456 1006 feratur,
1477 923 1633 991 declinare
1646 921 1830 1008 paullulum
1852 920 1898 994 (ll.
1911 921 1952 989 de

316 1030 383 1098 fato
404 1031 458 1113 IX,
481 1031 531 1103 18.
552 1032 591 1115 X,
612 1033 665 1100 21.

368 1141 420 1230 (h)
442 1142 530 1227 Diog.
551 1142 588 1209 L.
608 1142 646 1224 X,
669 1143 720 1210 43.
743 1144 793 1214 61.
836 1147 886 1207 καὶ
905 1145 969 1228 μήν
989 1149 1038 1210 καλ
1059 1148 1212 1228 ἰσοταχεῖς
1237 1145 1402 1230 ἀναγκαῖον
1430 1147 1485 1222 teir
1506 1148 1642 1230 ἀτόμους
1674 1145 1758 1228 εἶναι,
1792 1147 1868 1214 ὅταν
1900 1146 1954 1213 διά

202 1298 206 1303 -
317 1255 376 1317 τοῦ
393 1259 483 1321 κενοῦ
501 1257 695 1342 ιῖςφέρωνται
715 1252 847 1338 μηδενύς
868 1253 1110 1331 ἀντικόπτοντος
1140 1250 1209 1320 ου”τε
1235 1253 1295 1341 γάρ
1326 1254 1367 1321 τά
1396 1260 1496 1342 βαρέα
1527 1261 1647 1323 θᾶττον
1678 1260 1859 1343 οἰσθήσεται
1891 1261 1955 1323 τῶν

317 1363 451 1449 κούφων,
473 1363 548 1432 ὅταν
567 1390 600 1451 γε
622 1363 660 1449 δή
680 1366 808 1450 μηδὲν
787 1390 906 1431 απαντιι
924 1363 1037 1444 αὐτοῖς,
1059 1388 1128 1431 συτε
1138 1390 1181 1431 τοι
1168 1364 1295 1452 μικρά
1303 1370 1366 1431 τῶν
1384 1367 1536 1453 μεγάλων,
1558 1393 1659 1433 ποντα
1669 1393 1767 1452 τιορον
1778 1365 1956 1452 συμμετρον

319 1470 479 1558 ‘exortus'
461 1501 535 1543 οταν
554 1477 651 1561 μηδὲν
672 1475 750 1560 μήτε
771 1476 932 1552 ἐκτίνους’
911 1476 1086 1565 αντικόπτη.

366 1586 405 1671 (ἰ)
428 1586 510 1653 Plut.
532 1586 573 1653 de
605 1586 709 1655 solers
741 1586 835 1653 anim.
867 1585 898 1654 l.
941 1585 1061 1668 ἄτομον
1092 1593 1287 1675 παρεγκλῖναι
1321 1525 1395 1672 μύαν
1427 1590 1473 1654 ἐπὶ
1505 1588 1716 1673 τούλάχιστον,
1750 1587 1893 1665 ὅπως..

317 1692 396 1780 τύχη
417 1699 600 1785 παρειςέλθη
621 1694 727 1760 καὶ
691 1720 727 1759 το
749 1696 796 1781 ἐφ’
821 1697 894 1781 ήμΐν
919 1695 963 1782 μή
985 1697 1144 1822 ἀπύληται.
1177 1697 1263 1783 Epio.
1287 1721 1339 1784 ap.
1360 1699 1450 1784 Diog
1474 1697 1791 1767 1.1.1.134.Ἐπει
1819 1708 1957 1826 κρεῖττρν

317 1796 356 1890 ήν
376 1829 418 1894 τφ
406 1808 509 1888 περὶ
528 1812 614 1874 θεῶν
633 1804 728 1895 μύθῳ
749 1805 1037 1873 κατακολουθιῖν’
1016 1834 1036 1891 η
1064 1813 1104 1895 τῇ
1123 1810 1187 1870 τάν
1209 1812 1347 1892 φυσικῶν
1377 1809 1544 1896 εἱμαρμένη
1574 1804 1784 1874 δουλεύειν·
1766 1833 1783 1873 ο
1811 1810 1869 1891 μὲν
1895 1805 1953 1891 γάρ

277 1908 281 1915 ’
318 1915 424 1979 ἐλπίδα
445 1915 654 2002 παραιτήσεως
669 1914 838 2003 ὑπογράφει
857 1918 943 1981 θεῶν
965 1914 1018 1982 διά
1036 1923 1142 2002 τιμῆς,
1173 1915 1194 2001 ή
1223 1920 1257 1983 δέ
1287 1918 1509 2004 ἀπαιραύτητον
1540 1918 1602 2002 ἔχει
1633 1918 1690 2003 τήν
1722 1918 1863 2002 ἀνάγκην.
1907 1915 1954 1986 Os.

318 2046 414 2109 supra
435 2046 465 2107 g.

368 2133 417 2222 (k)
438 2135 526 2220 Epio.
547 2156 597 2220 ap.
619 2136 708 2221 Diog.
729 2136 765 2207 L.
786 2136 807 2202 l.
829 2135 850 2206 l.
872 2138 923 2204 39.
965 2141 1015 2203 καὶ
1034 2138 1098 2224 μήν
1123 2142 1172 2204 καὶ
1197 2138 1234 2204 τά
1257 2144 1319 2204 πᾶν
1339 2140 1387 2205 ἀεὶ
1409 2144 1549 2206 τοιοῦτον
1577 2133 1616 2227 ἦν
1644 2136 1710 2204 οἷον
1737 2144 1793 2204 νῦν
1821 2140 1885 2203 ἔστι
1904 2139 1954 2201 καὶ

317 2247 363 2313 ἀεὶ
382 2251 522 2315 τοιοῦτον
542 2244 635 2313 ἔσται·
657 2247 746 2312 ούδὲν
765 2247 823 2335 γάρ
845 2247 928 2314 ἔστιν
948 2249 989 2327 εἰς
1011 2247 1027 2316 d
1047 2250 1238 2333 μεταβάλλει·
1271 2246 1356 2337 παρά
1386 2250 1446 2337 γάρ
1467 2249 1504 2316 τύ
1538 2258 1601 2320 πᾶν
1633 2248 1721 2317 οὐδέν
1749 2252 1831 2317 ἔστιν
1863 2244 1882 2313 d
1914 2245 1975 2311 ἀν’

317 2358 459 2426 εδοελθδν
480 2362 520 2434 εἰς
542 2357 615 2424 αι’τδ
647 2357 705 2443 τήν
733 2359 908 2444 μεταβολήν
934 2358 1092 2443 ποιήσατο.
1135 2359 1188 2429 41.
1220 2362 1318 2426 ταῦτα
1350 2361 1385 2426 δέ
1416 2363 1498 2427 ἔστιν
1530 2361 1634 2446 ἀτομα
1665 2363 1714 2424 καὶ
1746 2360 1953 2443 ἀμετάβλητα,

318 2472 398 2556 εἰπερ
418 2468 463 2555 μή
483 2471 584 2553 μέλλει
605 2468 705 2535 πάντα
726 2471 768 2545 εἰς
787 2469 823 2535 τδ
844 2469 888 2553 μή
918 2466 955 2534 ὃν
975 2467 1216 2552 φθαρήσεσθαι,
1252 2469 1318 2534 ἀλλ’
1345 2470 1494 2555 ἰσχύοντα
1513 2470 1675 2553 ὑπομένειν
1703 2471 1735 2534 ἰν
1755 2481 1823 2547 ταῖς
1843 2466 1952 2534 διαυύ-

319 2605 385 2648 οισι
404 2584 468 2646 τῶν
493 2581 693 2663 συγκρίσεων,
728 2579 827 2664 πλήρη
858 2577 916 2663 τήν
947 2574 1039 2663 φύσιν
1058 2573 1146 2655 Ιὄντα
1177 2580 1227 2643 καὶ
1254 2582 1309 2645 οὐκ
1337 2579 1449 2664 ἔχοντα
1475 2580 1535 2665 ὅπη
1562 2580 1583 2666 ἢ
1612 2579 1695 2657 ὅπως
1723 2578 1955 2662 διαλυθήσεται.

317 2690 443 2758 Laudat
462 2689 643 2756 Lucretium
663 2688 911 2777 Reisackemsl),
932 2690 1018 2774 quod
1038 2688 1120 2754 hanc
1140 2690 1275 2757 universi
1286 2690 1505 2772 definitionem,
1527 2689 1612 2776 quod
1622 2690 1728 2756 omnia
1748 2689 1781 2753 in
1802 2708 1835 2753 se
1846 2707 1952 2771 comp·

316 2803 453 2870 lectatur
474 2807 507 2866 et
527 2799 606 2865 nihil
626 2806 773 2866 extruso
794 2798 918 2879 habeat,
939 2797 1079 2883 inquod
1101 2800 1230 2884 exipso
1252 2801 1371 2886 aliquid
1393 2802 1497 2886 egredi
1529 2809 1586 2869 aut
1618 2814 1662 2867 eu¹
1689 2822 1751 2886 quo
1783 2801 1816 2866 in
1847 2798 1951 2883 ipsum

318 2912 438 2997 aliquid
457 2910 578 2995 ingredi
598 2912 705 2996 possit,
737 2932 800 2978 non
821 2911 909 2977 initio
930 2911 1003 2978 libri
1024 2911 1118 2996 primi
1138 2912 1180 2977 ad
1200 2913 1362 2980 decretum
1382 2912 1467 2979 Nihil
1488 2934 1506 2979 e
1527 2912 1633 2993 nihilo,
1654 2916 1691 2978 ut
1711 2912 1874 2997 Epicurus,
1896 2907 1952 2974 sed

318 3028 391 3110 post
410 3022 650 3107 descriptionem
672 3042 812 3088 summae
831 3020 972 3088 infinitae
993 3021 1037 3088 ad
1056 3021 1130 3088 libri
1152 3023 1280 3089 secundi
1311 3031 1497 3109 argumenta
1517 3023 1557 3090 de
1588 3031 1741 3110 perpetuo
1773 3028 1952 3089 atomorum

319 3140 408 3201 motu
428 3132 549 3200 afferat.

370 3245 533 3330 eapvtt
576 3243 885 3310 Primordiorum
906 3242 1263 3328 ligurasdiversas
1284 3267 1364 3327 esse,
1398 3253 1430 3312 et
1462 3267 1518 3331 per
1540 3245 1759 3312 severisimile
1791 3250 1846 3325 est,
1879 3264 1951 3308 cum

216 3378 325 3423 eorum
346 3377 494 3422 numerus
514 3353 652 3420 infinitus
671 3354 720 3435 sit,
742 3361 774 3420 et
794 3353 948 3438 probatur
968 3375 1074 3419 rerum
1094 3355 1271 3439 geniturum
1281 3357 1471 3423 diversitate.
1517 3358 1700 3423 Animautes
1715 3358 1805 3435 enim,
1826 3355 1950 3420 etiamsi

216 3468 354 3554 ejusdem
376 3469 439 3535 sint
459 3468 581 3552 genens
599 3472 632 3532 et
653 3464 781 3550 speciei,
802 3470 910 3530 tamen
929 3486 1090 3549 nunquam
1120 3465 1251 3531 eandem
1271 3467 1364 3552 plane
1397 3467 1531 3535 formam
1562 3468 1723 3552 praebent.
1769 3466 1858 3546 Quod
1889 3465 1953 3530 nisi

215 3580 263 3646 ita
284 3585 374 3661 esset,
396 3579 552 3664 quomodo
573 3584 676 3643 mater
695 3576 815 3661 prolem
836 3582 1019 3660 agnosceret
1040 3582 1072 3642 et
1081 3576 1185 3661 proles
1206 3580 1360 3643 matrem?
1392 3579 1482 3657 Hanc
1503 3600 1576 3645 vero
1586 3578 1757 3663 figurarum
1766 3577 1954 3643 varietatem

216 3695 333 3757 natura
353 3696 460 3755 rerum
480 3688 601 3773 egregie
621 3686 744 3772 probat.
787 3685 871 3770 Ignis
891 3685 1029 3752 fulminis
1049 3686 1172 3753 facilius
1194 3709 1245 3753 res
1266 3694 1412 3772 penetrat
1443 3710 1539 3773 quam
1569 3689 1649 3774 ignis
1681 3713 1699 3755 e
1729 3690 1821 3775 lignis
1852 3692 1951 3767 ortus,

215 3801 269 3867 ille
290 3802 374 3867 enim
396 3821 414 3866 e
434 3799 606 3868 minoribus
627 3804 660 3865 et
680 3797 908 3878 subtilioribus,
941 3797 992 3863 hio
1023 3819 1041 3863 o
1071 3798 1243 3884 majoribus
1274 3806 1306 3862 et
1332 3800 1536 3866 crassioribus
1557 3801 1725 3867 seminibus
1747 3804 1871 3866 constat
1891 3798 1950 3882 (a).

216 3910 359 3979 Eandem
379 3909 552 3995 figurarmn
573 3908 785 3976 diveffitatom
805 3907 958 3993 praebent
977 3906 1033 3972 lux
1053 3914 1086 3973 et
1115 3908 1231 3990 imber,
1264 3911 1369 3976 vinum
1391 3918 1423 3977 et
1455 3911 1567 3982 oleum.
1611 3911 1710 3977 Omne
1742 3911 1826 3995 quod
1859 3908 1951 3974 dulce

216 4030 273 4106 est,
293 4022 433 4088 laevibus
454 4026 549 4105 etque
570 4018 712 4086 rotundis
732 4019 901 4086 seminibus
912 4028 961 4087 est
982 4023 1202 4108 compositum,
1224 4044 1305 4108 quae
1327 4024 1440 4090 leniter
1460 4023 1604 4090 afficiunt
1625 4029 1658 4088 et
1677 4022 1800 4108 placide
1809 4024 1956 4087 tractant.

214 4134 363 4220 lingnam,
384 4138 494 4199 contra
514 4152 624 4198 amara
644 4152 683 4196 ex
704 4130 822 4216 asperis
855 4137 887 4197 et
917 4131 1052 4199 hamatis
1075 4139 1218 4200 constare
1238 4155 1364 4200 necesse
1396 4141 1458 4215 est,
1491 4156 1572 4219 quae
1603 4132 1809 4218 ingredientia
1840 4152 1948 4197 sensus

216 4247 283 4313 vias
303 4242 450 4311 scindunt
471 4248 504 4309 et
522 4248 682 4327 rumpunt
724 4240 813 4307 Idem
834 4242 919 4308 cadit
939 4243 971 4308 in
992 4264 1093 4325 sonos,
1116 4245 1242 4327 colores,
1264 4245 1384 4328 odores,
1405 4247 1438 4312 in
1459 4246 1572 4326 omnia
1594 4266 1675 4329 quae
1696 4265 1804 4311 sensus
1823 4248 1954 4308 nostros.

215 4355 365 4423 afficiunt.
410 4354 497 4433 Quae
517 4374 591 4420 vero
613 4353 716 4420 media
736 4359 810 4420 sunt
829 4354 1196 4436 interdulciaetamara,
1217 4362 1362 4421 constant
1384 4376 1401 4421 e
1422 4355 1591 4422 seminibus
1613 4355 1723 4421 mediis
1743 4354 1826 4419 inter
1847 4351 1950 4417 laevia

217 4474 251 4534 et
269 4478 390 4554 aspera,
411 4465 533 4551 snguhs
553 4463 740 4550 quibusdam
761 4465 899 4550 parvulis
918 4467 1087 4556 instructis,
1109 4471 1146 4532 ut
1165 4486 1303 4550 pungere
1324 4464 1450 4550 quidem
1478 4466 1611 4551 possint,
1640 4486 1702 4530 non
1730 4484 1803 4529 vero
1824 4461 1949 4528 laedere

216 4584 250 4644 et
269 4577 418 4646 lacerare.
460 4576 544 4663 Ignis
566 4582 599 4643 et
618 4577 733 4662 pruina
759 4575 809 4663 (b)
842 4598 882 4642 ex
902 4577 1070 4645 seminibus
1090 4577 1211 4644 diusmo
1232 4576 1377 4659 dentatis,
1399 4597 1491 4658 saxa,
1519 4578 1645 4657 ferrum,
1666 4576 1776 4654 silices,
1798 4573 1861 4639 alia
1881 4575 1949 4658 ejus

216 4690 338 4775 generis
358 4710 398 4756 ex
417 4690 553 4757 hamatis
574 4696 607 4756 et
627 4688 718 4773 quasi
737 4688 877 4771 ramosis,
896 4688 1018 4774 liquida
1038 4710 1076 4755 ex
1096 4688 1236 4755 laevibus
1257 4694 1289 4755 et
1316 4687 1459 4755 rotundis
1481 4693 1624 4755 constent
1645 4693 1778 4772 oportet.
1821 4685 1959 4767 Funus„

371 4929 463 4997 1)1,1.
481 4947 507 4996 p.
525 4931 566 4982 ss.
