4400 5584
1106 523 1131 605 5

250 728 374 794 dentiae
396 726 623 809 mandarent¹)
667 728 787 807 Quibus
802 727 934 795 dominis
956 734 1050 814 poeta
1065 710 1131 796 'sibi
1150 729 1319 813 persuadet
1339 729 1490 796 mundum
1511 688 1640 796 liberari
1664 748 1738 794 vera
1758 732 1890 793 nahuae
1912 746 1985 792 con·

249 839 462 924 temptatione,
483 858 566 923 quae
588 838 700 904 doceat
719 838 852 905 liberam
872 860 942 905 eam
965 861 1047 921 esse,
1077 841 1182 906 omnia
1214 861 1272 906 sua
1302 841 1400 926 ipsius
1434 842 1464 905 vi
1496 847 1529 907 et
1559 840 1682 907 infinita
1713 840 1863 905 materiae
1895 839 1986 925 copia

249 952 508 1036 procreantem‚²)
542 949 634 1015 simul
662 952 838 1035 gignentem
867 972 917 1016 res
950 958 981 1017 et
1014 954 1321 1036 corrumpentcm‚³)
1361 951 1416 1017 sed
1448 952 1481 1016 in
1515 951 1661 1017 continuo
1691 972 1796 1017 rerum
1828 949 1916 1016 fluxu
1947 971 1986 1016 ac

249 1060 461 1128 vicissitudine
481 1060 524 1126 ad
544 1062 689 1147 proprias
710 1083 782 1127 suas
803 1061 887 1147 leges
908 1069 996 1129 certa
1016 1084 1139 1147 semper
1159 1083 1265 1127 rerum
1285 1082 1400 1146 genera
1411 1067 1645 1128 conservantem
1667 1067 1700 1127 et
1719 1066 1984 1147 propagantem⁴)

251 1175 355 1258 Atque
376 1171 436 1238 bac
457 1193 562 1238 rerum
591 1172 853 1257 contemplatione
874 1172 1012 1239 Lucretii
1032 1192 1121 1237 mens
1148 1191 1212 1235 non
1240 1170 1341 1236 solum
1368 1172 1504 1237 maximo
1530 1171 1681 1237 incitatur
1701 1176 1734 1237 et
1753 1171 1842 1255 quasi
1871 1169 1985 1237 hircus

254 1283 391 1371 quodam
413 1282 524 1350 afflatu
544 1283 734 1365 accenditur,
755 1282 810 1350 sed
832 1283 928 1350 etiam
949 1280 1079 1348 mirifice
1100 1280 1292 1361 oblectatum,
1313 1287 1350 1346 ut
1370 1281 1472 1366 ipsam
1493 1302 1618 1367 pacem,
1641 1281 1854 1363 concordiam,
1874 1281 1983 1367 volup-

169 1470 179 1485 ,
250 1401 360 1475 tatem,
381 1415 462 1480 quae
483 1416 541 1479 per
560 1394 737 1460 universam
759 1399 905 1460 naturam
927 1400 976 1460 est
996 1391 1117 1473 diffusa,
1139 1392 1249 1459 intimo
1270 1392 1376 1459 animo
1398 1399 1579 1479 perceptam
1600 1398 1763 1478 tamquam
1772 1393 1984 1460 rimdeclamt

250 1506 352 1574 solam
372 1504 460 1571 illam
482 1509 597 1570 cuncta
618 1510 836 1589 procreantem
857 1510 890 1569 et
910 1505 1146 1588 regnantemzl)

606 1615 655 1680 hia
674 1615 718 1681 ibi
739 1637 789 1681 me
810 1616 904 1682 rebus
926 1616 1081 1701 quaedam
1101 1615 1208 1681 dimna
1228 1613 1374 1699 voluptas

609 1724 743 1808 percipit
764 1731 861 1808 atque
882 1724 1002 1807 horror,
1024 1724 1108 1810 quod
1129 1724 1174 1791 sic
1194 1728 1312 1791 natura
1332 1733 1390 1791 tua
1411 1727 1441 1792 ri

608 1842 677 1900 tam
700 1834 867 1901 manifesta
886 1842 1000 1920 patens
1022 1856 1061 1902 ex
1082 1835 1166 1900 omni
1186 1841 1277 1919 parte
1298 1842 1418 1904 retecta
1439 1844 1495 1908 eat

406 1945 536 2012 Pnaeter
558 1963 675 2010 vanum
696 1944 827 2012 deorum
844 1947 990 2013 timorem
1010 1945 1182 2032 praecipua
1203 1946 1347 2013 miseriae
1359 1947 1641 2015 hominibuscausa
1652 1949 1820 2014 estmortis
1840 1946 1983 2014 formido,

252 2062 305 2130 illo
326 2058 515 2129 Acheruntis
536 2063 646 2137 metus,
658 2057 687 2144 ι)

600 2168 750 2253 Ιιιιιιιιίιιιιι
772 2168 944 2234 humanam
964 2168 1018 2252 qui
1039 2169 1136 2234 vitam
1156 2169 1267 2236 turbat
1287 2169 1330 2236 ah
1351 2170 1423 2251 imo,

608 2281 716 2347 omnia
737 2279 920 2347 suffundens
941 2280 1051 2347 mortis
1072 2281 1204 2365 nigrore,
1225 2301 1327 2365 neque
1347 2280 1445 2346 ullam

609 2414 677 2460 esse
698 2392 891 2479 voluptatem
912 2391 1063 2476 liquidam
1084 2409 1260 2475 puramque
1282 2389 1438 2474 relinquit.

406 2506 506 2585 Quem
531 2510 685 2571 terrorem
713 2508 750 2569 ut
782 2525 800 2570 e
831 2503 897 2569 rita
929 2503 1089 2568 hominum
1118 2500 1211 2567 tollat
1231 2500 1402 2582 Lucretius,
1434 2501 1605 2587 Epicurum
1635 2503 1821 2588 magistrum
1851 2510 1985 2582 secutus,

255 2620 353 2690 animi
373 2626 521 2686 naturam
543 2635 727 2702 corpoream
749 2635 818 2681 esse
840 2614 940 2695 docet
973 2634 1043 2680 cum
1076 2620 1198 2699 constet
1229 2635 1268 2680 ex
1301 2613 1420 2694 calore,
1453 2617 1544 2695 atre,
1575 2634 1667 2694 aura,
1700 2620 1816 2700 quarta
1847 2616 1985 2701 quadam

254 2732 458 2801 subtilissima
477 2729 622 2808 materia,
642 2727 769 2793 nomine
790 2727 917 2806 carenti
940 2726 1040 2792 omnis
1062 2747 1170 2792 sensus
1193 2732 1225 2792 et
1247 2730 1351 2791 motus
1366 2745 1464 2791 causa
1484 2725 1679 2813 primariav)
1723 2726 1842 2805 Quodsi
1861 2729 1984 2795 animus

253 2864 327 2930 pars
349 2849 397 2908 ost
418 2840 571 2925 corporis,
605 2859 676 2904 cum
698 2858 828 2923 corpore
850 2859 920 2903 eum
941 2837 1070 2903 interire
1089 2857 1215 2903 necesse
1236 2842 1292 2902 est.
1336 2835 1456 2902 Deinde
1477 2835 1642 2903 Lucretius
1662 2837 1696 2902 in
1716 2858 1847 2922 corpora
1877 2845 1985 2906 nostro

252 2974 377 3021 sensum
398 2973 455 3037 per
476 2970 583 3016 omnes
606 2948 733 3032 quidem
754 2955 861 3035 partes
883 2969 950 3015 esse
971 2947 1182 3034 pertinentem
1204 2947 1355 3028 ostendit,
1381 2946 1436 3013 sed
1457 2946 1581 3032 singula
1602 2947 1745 3014 membra
1765 2970 1824 3034 per
1854 2971 1888 3016 se
1908 2951 1985 3017 nihil

252 3066 376 3147 sentire,
398 3064 458 3133 nisi
480 3064 648 3148 conjuncta
668 3059 729 3126 hoc
749 3080 811 3124 uno
835 3079 965 3143 corpore
993 3060 1221 3127 contineantur.
1265 3058 1370 3136 Quare
1398 3078 1537 3139 sensum,
1570 3058 1624 3143 qui
1656 3059 1717 3125 toti
1746 3060 1822 3125 insit
1853 3062 1984 3146 corpori,

252 3183 358 3245 censet
379 3195 502 3240 omnem
525 3193 564 3239 ex
584 3191 649 3238 una
670 3190 767 3235 causa
788 3176 820 3236 et
841 3170 909 3236 sola
930 3171 961 3235 vi
981 3171 1118 3255 pendere
1138 3170 1280 3249 foederis,
1303 3190 1365 3253 qno
1387 3169 1512 3236 diversa
1543 3169 1687 3237 membra
1706 3170 1741 3236 in
1771 3191 1833 3238 uno
1855 3192 1985 3258 corporo

251 3287 315 3354 sint
336 3284 517 3365 conciliata,
549 3280 635 3368 quod
655 3278 765 3347 foedus
798 3300 869 3346 cum
891 3286 992 3347 morte
1014 3281 1152 3348 solutum
1172 3280 1222 3360 sit,
1243 3301 1366 3347 omnem
1388 3281 1486 3347 etiam
1507 3302 1632 3347 sensum
1652 3281 1764 3363 tolli.⁸)

407 3394 479 3461 Tali
499 3392 593 3460 modo
613 3392 710 3477 igitur
729 3391 854 3476 rejectis
876 3390 1055 3475 vulgaribus
1076 3393 1237 3459 hominum
1259 3391 1298 3458 da
1319 3392 1450 3460 deorum
1469 3391 1666 3478 providentia
1687 3398 1720 3460 et
1739 3395 1836 3460 animi
1856 3395 1984 3461 immor·

252 3507 377 3575 talitate
398 3504 595 3591 opinionibus
616 3501 781 3569 Lucretius
801 3499 980 3567 firmissima
993 3503 1151 3588 religionis
1172 3502 1377 3570 fundamenta
1387 3503 1524 3571 omnium
1545 3501 1610 3569 fere
1625 3509 1768 3570 aetatum
1792 3511 1825 3571 et
1845 3507 1984 3592 gentium

253 3618 432 3685 communia
452 3615 593 3682 funditus
604 3619 742 3680 evertere
754 3611 897 3678 omnibus
918 3612 1032 3698 ingenii
1053 3612 1171 3679 viribus
1191 3613 1358 3684 contendit
1401 3613 1519 3679 Tamen
1540 3618 1666 3680 tantum
1675 3614 1773 3696 abest,
1794 3620 1831 3681 ut
1850 3616 1897 3682 ita
1917 3637 1984 3682 sce·

253 3730 354 3795 lerum
374 3727 599 3811 libidinumque
619 3726 703 3791 viam
724 3722 902 3790 hominibus
922 3722 1089 3789 tradidisse
1116 3722 1176 3789 sibi
1201 3723 1359 3806 videatur,
1390 3730 1428 3789 ut
1458 3724 1541 3790 hanc
1572 3745 1661 3790 suam
1695 3726 1850 3793 rationem
1881 3726 1984 3793 solum

253 3841 411 3908 existimet
431 3838 618 3924 principium
637 3837 723 3902 ritae
743 3855 816 3901 vera
837 3833 995 3904 honestae.
1038 3832 1187 3918 Sequitru
1206 3833 1259 3900 ille
1287 3833 1415 3919 quidem
1445 3833 1506 3900 hac
1537 3855 1662 3920 quoque
1692 3836 1725 3901 in
1756 3857 1791 3903 re
1812 3836 1983 3922 Epicurum

253 3952 454 4036 magiam,
475 3950 524 4015 ita
545 3954 651 4014 tamen
677 3953 714 4012 ut
743 3966 802 4031 pro
823 3946 941 4030 majore
971 3965 1096 4011 morum
1115 3942 1329 4011 Romanorum
1360 3945 1527 4013 serenate
1558 3946 1641 4013 vitae
1672 3946 1828 4014 humanae
1859 3969 1984 4033 quoqne

255 4061 414 4151 puriorem
446 4065 480 4125 et
510 4058 722 4125 honestiorem
753 4056 923 4141 imaginem
956 4056 1145 4141 cogitatione
1177 4054 1339 4128 effinxerit
1391 4057 1503 4141 Itaque
1534 4078 1604 4123 cum
1637 4058 1705 4143 jam
1736 4059 1890 4144 Epicurus
1922 4060 1984 4125 hac

251 4174 448 4262 potissimum
469 4169 509 4236 de
531 4188 630 4234 causa
661 4188 751 4233 suum
784 4167 823 4234 de
844 4166 1052 4234 declinatione
1079 4173 1255 4234 atomorum
1275 4175 1485 4236 commentum
1506 4170 1751 4255 exagitavisse,
1783 4177 1820 4238 ut
1850 4170 1984 4238 liberam

407 4389 429 4455 Ι)
448 4387 483 4440 ib.
502 4388 534 4437 82
554 4398 610 4450 sqq.
646 4382 695 4446 Vl,
714 4386 748 4432 to
765 4396 819 4447 sqq.

406 4471 641 4539 ²)11‚1090sqq.
874 4509 878 4516 .

405 4556 614 4624 ⁸)1‚asarqq.
650 4555 684 4621 11,
702 4555 734 4606 67
753 4570 808 4620 sqq.
843 4554 892 4607 569
910 4568 964 4619 sqq.

406 4644 431 4709 ⁴)
449 4642 484 4694 ib.
503 4641 552 4689 707
572 4654 628 4704 sqq.
663 4640 697 4699 V,
716 4641 767 4691 920
785 4654 840 4705 sqq.

406 4725 622 4792 bffiwm

406 4813 431 4879 ⁸)
449 4813 484 4864 ib.
502 4812 535 4862 89
554 4826 609 4876 sqq.

377 4918 381 4923 ·
409 4898 433 4961 ⁷)
451 4896 486 4950 lb.
505 4899 553 4947 2³1
571 4910 625 4961 sqq.

407 4980 482 5046 ε)ΙΙ,
500 4981 551 5031 902
569 4994 624 5044 sqq.
