4400 5584
1049 446 1100 527 34

292 645 450 729 οἱποστέγει
470 648 519 709 καὶ
540 650 710 732 φθείρεται,
742 648 791 710 καὶ
811 647 931 731 τήκεται
953 648 1115 731 πάσχοντα
1134 655 1179 738 τῷ
1200 649 1438 734 προςμύγεσθαι
1459 653 1508 717 καὶ
1541 652 1727 737 ἀντερείδων
1758 656 1820 717 τῶν
1853 651 1881 714 δ’
1902 653 1943 719 ei·

293 760 389 840 ραιῶν
410 758 458 820 καὶ
481 754 665 842 πολυπόρων
686 761 736 820 καὶ
756 756 924 840 χαλώντων
945 757 1005 825 tut
1026 760 1200 844 μανότητος
1231 758 1371 842 ιὶψαυστὶ
1404 762 1527 838 διεκθεῖ,
1561 762 1703 847 καθάπερ
1735 761 1862 843 ἱματίων
1893 764 1942 825 καὶ

292 866 391 942 ’ξύλων
416 862 541 946 adeun)

358 977 407 1058 (b)
429 977 583 1062 Epicurus
604 998 655 1063 ap.
676 977 765 1063 Diog.
787 978 824 1046 L.
845 977 885 1056 Χ,
909 980 982 1051 109.
1025 978 1213 1064 κρύσταλλος
1234 985 1416 1045 συντελεῖται
1447 983 1496 1046 καὶ
1528 982 1594 1046 κατ’
1625 982 1770 1064 ἔκθλιψιν
1800 982 1857 1064 μέν
1887 988 1945 1050 τοῦ

290 1092 469 1174 περιφεροῦς
491 1092 708 1172 σχηματισμοῦ
728 1089 760 1156 ἔκ
781 1094 838 1156 τοῦ
857 1088 978 1170 ὕδατος,
998 1090 1132 1156 σύνωσιν
1153 1091 1188 1153 δὲ
1207 1094 1271 1157 τῶν
1293 1095 1451 1175 σκαληνῶν
1472 1096 1521 1157 καὶ
1544 1092 1715 1178 ῶξυγωνὶων
1743 1100 1806 1160 τῶν
1838 1095 1871 1158 έν
1898 1100 1943 1182 τῷ

289 1198 379 1264 ύδατι
400 1196 612 1281 δπαρχόντων·
633 1198 682 1262 καὶ
703 1197 783 1264 κατεὶ
814 1199 871 1284 τῆν
889 1197 1007 1280 ἔξωθεν
1028 1200 1061 1264 δὲ
1081 1206 1144 1265 τῶν
1164 1199 1311 1267 τοωύτων
1342 1202 1526 1287 πρόςκρισιν,
1558 1197 1581 1268 οἱ
1612 1207 1820 1270 συνελαθέντα
1852 1209 1941 1289 πῆξιν

290 1311 335 1397 τῶ
354 1306 442 1373 ὕδατι
462 1307 678 1392 παρεσκεύασε,
708 1309 795 1374 ποσοὶ
812 1314 873 1376 τῶν
893 1315 1064 1397 περιφερῶν
1085 1312 1286 1392 ἐκθλίψαντα.

359 1417 405 1504 (o)
426 1418 466 1497 II,
488 1416 550 1483 465
572 1418 669 1484 sudor
689 1419 737 1485 uti
758 1421 854 1486 maris
875 1427 931 1487 est
975 1420 1020 1488 cf.
1041 1421 1079 1502 V,
1100 1421 1162 1488 487
1191 1427 1258 1487 tam
1281 1423 1382 1506 magis
1411 1445 1575 1509 expressus
1604 1425 1705 1491 salsus
1737 1425 1777 1491 de
1810 1446 1940 1511 corpore

288 1528 392 1594 sudor.
436 1527 556 1594 Eodem
577 1529 885 1616 modoEmpedocles
905 1532 1002 1597 maris
1023 1532 1174 1616 originem
1195 1532 1227 1596 in
1239 1553 1276 1598 eo
1297 1533 1394 1617 ponit,
1417 1534 1501 1618 quod
1521 1557 1579 1621 per
1598 1535 1672 1602 solis
1684 1536 1822 1604 calorem
1842 1537 1940 1604 salem

292 1639 413 1706 sudarit
433 1647 520 1706 terra
539 1661 671 1724 eumque
692 1642 785 1706 imbri
806 1642 1010 1708 immiscuerit
1034 1665 1062 1712 v.
1085 1642 1149 1708 206
1171 1664 1218 1726 sq.
1240 1641 1296 1718 ἇλς
1316 1642 1412 1728 ἐπάγη
1440 1644 1563 1733 ῥιπῇσιν
1584 1645 1736 1728 ἐσομένας
1755 1644 1864 1729 ἠελίοιο
1886 1652 1940 1729 γῆς

291 1750 406 1836 ἱδρῶτα
425 1751 602 1820 θάλασσαν.
645 1750 736 1830 Quod
756 1752 915 1838 vituperat
936 1751 1120 1819 Aristoteles
1142 1756 1269 1822 meicor.
1292 1751 1336 1832 ΙΙ,
1358 1754 1388 1823 3.
1432 1752 1546 1837 δμοίως
1578 1755 1612 1818 δὲ
1642 1760 1758 1839 γελοῖον
1779 1755 1827 1818 καὶ
1849 1753 1881 1817 εἷ’
1894 1780 1940 1831 τις

291 1859 383 1927 ελπῶν
404 1864 518 1946 ἱδρῶτα
538 1869 593 1947 τῆς
612 1870 670 1949 γῆς
701 1858 775 1928 εἶναι
806 1861 864 1929 vir
884 1862 1045 1929 θάλατταν
1073 1863 1171 1927 οἴεταί
1194 1889 1224 1929 τι
1255 1868 1351 1949 σαφές
1379 1866 1534 1949 εἰρηκέναι,
1560 1864 1705 1950 καθάπερ
1727 1865 1938 1949 Ἐμπεδοκλῆς

292 1969 368 2054 πρδς
389 1974 510 2056 ποίησιν
529 1972 586 2053 μὲν
608 1970 666 2057 γοὶρ
690 1967 788 2048 οὕτως
808 1974 900 2040 simia
921 1974 995 2049 ἴσως
1016 1975 1131 2059 εἴρηκεν
1152 1972 1262 2063 ἱκανῶς
1284 1973 1318 2060 (ἦ
1339 1975 1397 2061 γὰρ
1418 1974 1582 2060 μεταφορὰ
1599 1974 1776 2059 ποιητικόν),
1809 1972 1886 2055 πρός
1907 1977 1941 2040 δέ

288 2080 325 2144 τύ
345 2086 457 2164 γνῶναι
478 2082 535 2165 τῆν
557 2081 651 2167 φύσιν
671 2082 729 2165 orig
750 2084 868 2161 ἱκανῶς.

358 2191 406 2272 (d)
428 2193 514 2259 Inter
535 2196 707 2262 Democriti
727 2197 845 2281 scripta
866 2195 997 2262 affertur
1027 2193 1109 2261 iiber
1139 2194 1200 2262 hoc
1230 2194 1339 2260 indice.
1364 2200 1508 2262 notatus:
1541 2198 1608 2281 περὶ
1640 2199 1702 2261 τῶν
1732 2195 1940 2280 διαφερόντων

290 2303 429 2388 ῥυσμῶν,
461 2307 516 2390 qui
536 2309 611 2391 quin
632 2312 797 2374 accuratas
818 2307 857 2373 de
878 2307 972 2373 variis
1003 2313 1180 2373 atomorum
1212 2304 1320 2371 formis
1352 2306 1541 2371 continuerit
1572 2306 1769 2389 quaestiones
1801 2304 1963 2372 dubitari-

291 2431 355 2477 non
376 2420 488 2496 potest,
518 2436 588 2481 cum
610 2417 683 2483 huie
704 2417 889 2503 philosopho
922 2415 1041 2501 ῥυσμδς
1062 2416 1178 2494 (ionica
1207 2414 1310 2482 forma
1341 2437 1400 2501 pro
1422 2415 1558 2503 ῥυθμός)
1588 2415 1723 2482 formam
1755 2423 1788 2483 et
1806 2414 1939 2500 figuram

290 2523 488 2606 significaret
533 2528 578 2595 Οἱ
600 2528 685 2598 Suid.
708 2552 732 2596 s.
754 2553 782 2596 v.
805 2529 923 2614 ῥυσμὸς
943 2525 1023 2593 κατὰ
1041 2524 1254 2611 Ἀβδηριτικῆν
1275 2527 1431 2591 διάλεκτον
1453 2528 1590 2610 σημαίνει
1612 2523 1648 2590 td
1672 2531 1786 2610 σχῆμα.
1823 2526 1938 2592 Demo-

291 2635 370 2700 crito
392 2638 483 2718 enim,
504 2646 541 2704 ut
558 2641 667 2724 ingens
688 2662 794 2707 rerum
814 2637 982 2705 multitudo
1003 2660 1042 2705 ac
1062 2638 1199 2703 varietas
1230 2658 1269 2703 ex
1301 2637 1433 2702 materia
1464 2636 1555 2702 unius
1586 2642 1719 2702 naturae
1750 2643 1939 2717 nasceretur,

288 2743 408 2827 placuit
427 2746 509 2814 hano
528 2751 694 2819 materiam
715 2749 841 2815 differre
861 2748 963 2815 forma
984 2746 1120 2837 (ῥυσμηῆ
1144 2747 1253 2814 ordine
1275 2749 1429 2832 (διαθιγηλ
1452 2753 1485 2814 et
1505 2748 1568 2812 situ
1589 2749 1714 2833 (τροπηῆ
1737 2745 1825 2813 verbi
1843 2769 1939 2814 eausa

241 2856 248 2873 ⁹
288 2855 315 2919 si
335 2858 370 2920 A
383 2856 523 2925 dicamus
544 2859 647 2928 forma
666 2859 791 2926 differre
812 2865 887 2940 aN,
908 2861 976 2924 AN
996 2858 1105 2923 ordine
1127 2858 1304 2944 discrepare
1325 2877 1347 2923 a
1363 2864 1397 2923 N
1399 2859 1439 2937 A,
1461 2861 1492 2919 Z
1503 2842 1576 2923 'situ
1595 2858 1751 2922 diversum
1773 2880 1841 2924 essa
1861 2864 1937 2926 aN.

287 2967 416 3034 Aristot.
439 2969 579 3056 Metaph.
601 2971 624 3051 I,
646 2970 676 3038 4.
717 2971 832 3048 ταύτας
862 2972 967 3051 μέντοι
998 2982 1077 3054 τρεῖς
1110 2966 1184 3035 εἶναι
1205 2970 1324 3052 λέγουσι
1358 2974 1464 3050 σχῆμα
1496 2990 1528 3030 τε
1560 2970 1610 3032 καὶ
1640 2966 1727 3043 τάξιν
1758 2971 1807 3031 καὶ
1838 2970 1937 3035 θέσιν

289 3080 441 3163 διαφέρειν
461 3082 519 3168 γάρ
542 3107 618 3169 φασι
638 3082 675 3147 τδ
698 3081 734 3149 δν
753 3084 863 3169 ῥυσμῷ
883 3084 933 3147 καὶ
955 3084 1081 3169 διαθιγῇ
1101 3084 1150 3146 καὶ
1171 3084 1271 3166 τροπῇ
1301 3081 1407 3162 μόνον.
1454 3078 1584 3146 Τούτων
1616 3084 1650 3146 δέ
1681 3080 1699 3146 ὁ
1729 3083 1786 3163 μὲν
1819 3080 1962 3175 ῥυσμὸς.

289 3190 396 3275 σχῆμά
414 3191 504 3257 ἔστιν·
537 3193 557 3278 ῆ
587 3197 621 3258 δὲ
641 3191 765 3278 διαθιγῆ
787 3192 879 3270 τάξις·
899 3190 919 3277 ῆ
942 3195 975 3258 δέ
994 3191 1092 3278 τροπῆ
1114 3195 1212 3269 θέσις.
1256 3192 1399 3275 Διαφέρει
1419 3188 1477 3277 γὰρ
1493 3189 1536 3280 τδ
1556 3193 1614 3273 μέν
1630 3193 1665 3256 Α
1678 3196 1734 3257 τοῦ
1747 3192 1780 3252 Ν
1795 3189 1937 3274 σχήματι,
1980 3186 1982 3191 ’

286 3298 324 3367 τδ
345 3303 379 3365 δὲ
400 3305 466 3366 ΑΝ
486 3306 542 3370 τοῦ
562 3307 629 3369 NA
649 3303 741 3383 τάξει,
769 3302 806 3370 τδ
828 3306 862 3370 δὲ
882 3309 913 3368 Ζ
933 3306 991 3369 τοῦ
1010 3306 1042 3365 N
1064 3305 1159 3369 θέσει.
1203 3299 1316 3366 Tribus
1348 3299 1398 3365 his
1419 3301 1571 3366 materiae
1593 3299 1821 3367 discriminibus
1853 3300 1937 3366 aliae

290 3411 434 3478 videntur
455 3414 613 3499 subjectae
633 3414 729 3480 fuisse
749 3413 950 3494 differentiae,
972 3434 1043 3478 cum
1063 3410 1250 3497 figurarum,
1278 3432 1357 3496 quas
1376 3410 1410 3475 in
1436 3412 1550 3476 atomis
1577 3413 1713 3478 notabat
1733 3412 1938 3492 Democritus,

288 3522 442 3589 infinitam
464 3525 621 3609 quandam
642 3526 705 3592 vim
726 3533 759 3591 et
779 3526 902 3610 copiam
923 3525 1146 3608 excogitasset,
1178 3544 1260 3607 qnae
1281 3530 1313 3588 et
1334 3523 1480 3588 sensuum
1511 3523 1728 3592 affectionibus
1760 3525 1938 3592 sufficerent

286 3641 383 3719 atque
404 3635 446 3700 ad
467 3636 683 3722 explicandam
706 3639 930 3722 sempiternam
950 3657 1056 3703 rerum
1075 3655 1236 3719 nunquam
1257 3654 1313 3701 suo
1343 3640 1430 3699 statu
1451 3636 1646 3701 manentium
1668 3646 1816 3722 certaque
1837 3635 1938 3721 quaii-

287 3752 353 3813 tate
375 3748 547 3813 carentium
568 3748 617 3813 vel
637 3750 867 3832 generationem
888 3747 937 3814 rel
963 3747 1170 3813 mutationem
1202 3752 1285 3811 esset
1316 3745 1560 3816 accommodata.
1603 3747 1773 3832 Epicureos
1799 3767 1873 3813 vero
1905 3753 1939 3813 et

286 3858 320 3921 in
340 3857 402 3923 hac
423 3880 458 3925 re
479 3859 651 3926 Democriti
670 3860 819 3945 pressisse
839 3858 969 3943 vestigia
989 3858 1081 3925 docet
1101 3857 1240 3923 Lucretii
1260 3856 1452 3940 comparatio
1474 3878 1545 3923 oum
1572 3858 1625 3939 iis,
1656 3878 1739 3943 quae
1761 3860 1800 3925 de
1821 3859 1938 3925 Demo-

287 3968 367 4034 crito
398 3969 495 4036 refert
526 3969 681 4055 Theophr.
713 3970 753 4036 de
785 3989 870 4035 caus.
899 3969 997 4054 plant.
1027 3967 1078 4049 vl,
1113 3970 1142 4034 6.
1186 3967 1384 4054 Δημόκριτος
1417 3968 1451 4032 δι’
1479 3974 1585 4052 σχῆμα
1617 3971 1781 4053 περιτιθεὶς
1810 3966 1937 4055 ἱκάοτρ,

284 4078 396 4164 γλυκύν
416 4080 473 4165 μὲν
492 4082 548 4148 τδν
568 4083 753 4167 στρογγύλον
775 4085 829 4147 καὶ
851 4078 1001 4166 εύμεγέθη
1023 4087 1110 4148 ποιεῖ
1144 4076 1301 4166 στρυφνδν
1338 4076 1371 4143 δὲ
1401 4076 1457 4143 τδν
1475 4079 1721 4163 μεγαλόσχημον,
1753 4079 1872 4162 τραχύν
1903 4105 1935 4145 τε

285 4194 335 4256 καὶ
356 4190 542 4275 πολυγώνων
562 4195 612 4257 καὶ
634 4197 787 4279 περιφερῆ·
819 4190 893 4269 ὀξύν
914 4193 947 4257 δέ
967 4191 1048 4258 κατιὶ
1067 4185 1205 4273 τούνομα
1236 4185 1292 4254 τδν
1324 4187 1397 4264 ὀξύν
1428 4190 1473 4275 τῷ
1506 4185 1585 4277 ὄγκῳ
1618 4192 1668 4252 καλ
1699 4189 1855 4272 γωνιοειδῆ
1886 4192 1935 4252 καὶ

286 4301 445 4385 καμπύλον
465 4302 515 4363 rai
536 4302 646 4367 λεπτδν
666 4305 715 4368 καὶ
736 4302 912 4390 ἆπεριφερῆ·
944 4298 1054 4386 δριμύν
1086 4300 1120 4364 δέ
1139 4299 1195 4365 τδν
1216 4306 1364 4386 περιφερῆ
1395 4301 1444 4363 καὶ
1476 4297 1586 4363 λεπτδν
1619 4302 1668 4362 καὶ
1700 4298 1855 4382 γιονιοειδῆ
1886 4300 1936 4361 καὶ

286 4410 452 4493 καμπύλον·
475 4408 613 4497 δλμυρον
634 4415 668 4479 δέ
687 4411 742 4478 τῶν
762 4415 919 4498 γωνιοειδὶ
949 4416 998 4477 καὶ
1026 4412 1175 4495 εύμεγέθη
1197 4412 1247 4476 καὶ
1269 4407 1391 4476 σκολιδν
1412 4412 1461 4473 καὶ
1493 4411 1644 4495 λσοσκελῆ·
1677 4404 1784 4492 πικρδν
1817 4406 1849 4470 δι’
1880 4406 1935 4471 τόν

286 4530 432 4611 περιφερῆ
442 4527 492 4588 καὶ
512 4530 601 4601 λεῖον,
623 4522 733 4606 έχοντα
744 4526 916 4607 σκαληνέαν,
937 4526 1069 4608 μέγεθος
1090 4523 1125 4586 δέ
1144 4520 1262 4605 μικρόν·
1284 4519 1413 4604 λιπαρδν
1427 4523 1461 4587 δι’
1480 4519 1536 4586 τδν
1556 4518 1667 4586 λεπτδν
1688 4518 1737 4581 καὶ
1752 4516 1935 4600 στρογγύλον

286 4631 739 4720 καὶμαρόν.1)-Οελοειιιιι
759 4631 948 4700 monendum
974 4637 1038 4714 est,
1070 4630 1258 4710 Lucretium,
1291 4650 1483 4713 quemquam
1515 4627 1555 4693 de
1587 4626 1728 4693 sensibus
1760 4625 1935 4691 doctrinam

356 4809 379 4874 1)
396 4809 518 4863 Μῶμε.
535 4809 554 4862 1.
572 4808 589 4858 ι
606 4824 632 4875 p.
650 4810 708 4859 210.

354 4894 533 4961 omem
