4400 5584
1091 506 1140 588 2³

655 711 740 795 quod
761 711 788 777 si
809 733 871 776 uon
893 710 941 777 ita
961 712 1012 792 sit,
1030 731 1156 776 rursum
1173 711 1242 794 jam
1263 709 1383 774 semina
1405 707 1560 792 quaedam

655 840 722 888 esse
741 820 863 887 infinito
883 821 1044 888 debebunt
1066 821 1205 905 corporis
1226 827 1332 887 auctu.

400 930 520 1011 Quibus
539 932 727 1015 praemissis,
759 931 835 1016 quid
857 932 896 998 de
919 932 1069 998 hocloco
1100 932 1161 1015 ipsi
1193 931 1395 997 statuendum
1426 936 1587 1015 putemus,
1620 930 1780 997 absolvere
1813 952 1985 1015 possumus

333 1044 415 1108 Ante
437 1044 549 1121 omnia,
571 1042 649 1125 quid
670 1049 764 1127 poeta
785 1044 845 1109 sibi
866 1042 1064 1128 probandum
1084 1042 1259 1127 sumpserit,
1280 1048 1450 1121 teneamus,
1471 1041 1781 1126 primordiadissolri
1802 1063 1865 1108 non
1886 1062 1985 1127 posse.

335 1154 435 1232 Quam
456 1176 524 1219 rem
545 1175 617 1218 cnm
638 1155 751 1220 iudea
771 1178 800 1225 v.
823 1157 886 1221 532
908 1154 1120 1239 compluribus
1142 1153 1334 1237 argumentis
1355 1152 1534 1236 probasset,
1567 1161 1603 1218 ut
1624 1151 1745 1218 duobus
1778 1154 1865 1218 noris
1893 1174 1985 1237 argn-

333 1266 452 1332 mentis'
466 1263 605 1343 aleuas,
638 1264 812 1331 doctrinam
847 1267 886 1331 de
917 1267 1046 1332 minimo
1079 1266 1241 1351 (ἐλαχίστῳ
1263 1264 1404 1351 Epicuri)
1425 1264 1613 1348 interposuit
1645 1263 1717 1329 inde
1738 1286 1758 1329 a
1779 1288 1807 1330 v.
1830 1265 1901 1331 599.
1945 1263 1987 1329 ut

337 1377 424 1460 prius
446 1374 572 1458 quidem
593 1381 812 1458 argumentum
833 1376 907 1441 inde
928 1376 1062 1460 petitum
1084 1380 1140 1454 est,
1163 1376 1247 1458 quod
1268 1377 1450 1462 primordia,
1473 1396 1545 1441 oum
1565 1381 1671 1459 partes
1690 1376 1845 1454 minimae,
1877 1381 1987 1459 utpote

333 1489 426 1554 nullis
456 1487 599 1571 partibus
621 1487 790 1571 praeditae,
819 1508 877 1571 per
897 1508 932 1551 se
954 1493 1098 1551 constare
1118 1506 1181 1551 non
1202 1493 1330 1569 possent
1359 1485 1491 1570 ideoque
1513 1485 1656 1550 alicunde
1677 1485 1807 1550 haerere
1828 1485 1986 1566 deberent,

334 1598 461 1663 dissolri
479 1618 545 1661 nou
567 1616 658 1680 posse
679 1596 888 1683 (naa-614).
912 1594 999 1661 'llas
1020 1602 1126 1661 antem
1148 1601 1255 1679 partes
1276 1596 1429 1675 minimas,
1451 1595 1545 1660 nullis
1565 1595 1699 1679 amplius
1727 1594 1869 1678 partibus
1895 1616 1986 1679 prae·

336 1708 428 1785 ditas,
451 1728 522 1772 vere
544 1705 727 1772 statuendas
749 1727 816 1772 esse
837 1706 990 1791 probatur
1010 1728 1057 1776 ur.
1080 1705 1260 1774 615-627.

403 1820 483 1884 Τιιιιι
505 1819 640 1883 abarum
662 1821 881 1900 argumentum
903 1814 1042 1897 affertur,
1065 1838 1082 1880 e
1105 1816 1248 1881 doctrina
1263 1816 1303 1880 de
1324 1815 1466 1899 partibus
1480 1817 1616 1882 minimis
1637 1816 1770 1900 petitum
1781 1815 1986 1900 (628-634),

335 1929 445 1994 Partes
468 1930 550 1994 enim
570 1928 715 1993 minimas
737 1928 821 2007 dicit,
844 1928 998 2012 siquidem
1018 1928 1052 1991 in
1074 1948 1143 2007 eas,
1176 1948 1240 1992 non
1260 1928 1293 1991 in
1314 1934 1451 2007 atomos,
1484 1949 1533 1992 res
1566 1927 1794 1993 resolverentur
1826 1926 1871 2006 (id
1902 1924 1986 2008 quod

334 2040 433 2118 fieret,
456 2041 481 2105 si
502 2037 675 2123 primordia
696 2039 795 2103 secari
817 2038 967 2125 possent),
989 2058 1053 2102 non
1073 2037 1140 2101 fore
1160 2045 1252 2122 aptas
1263 2038 1305 2103 ad
1326 2059 1376 2103 res
1397 2037 1588 2117 reficiendas,
1611 2039 1726 2122 quippe
1747 2059 1828 2122 quae
1843 2036 1987 2122 partibus

337 2155 477 2214 carentes
498 2169 561 2213 uon
583 2149 631 2213 ita
652 2154 852 2231 comparatae
874 2154 986 2228 essent,
1007 2147 1170 2211 utrarios
1192 2169 1357 2227 connexus,
1378 2148 1526 2231 pondera,
1548 2148 1656 2232 plagas
1679 2144 1846 2214 efficerent.
1889 2146 1985 2229 Atqui

334 2261 367 2325 in
389 2267 552 2326 aeternum
574 2281 613 2325 ex
633 2262 767 2325 materia
788 2260 997 2326 resolutamm
1018 2283 1124 2326 rernm
1145 2280 1196 2325 res
1217 2257 1412 2337 reficiuntur,
1435 2278 1533 2341 quare
1554 2279 1617 2322 non
1637 2265 1768 2342 possunt
1789 2280 1839 2322 res
1859 2259 1892 2322 in
1914 2277 1986 2340 par·

333 2378 382 2438 tes
403 2372 548 2436 minimas
569 2372 694 2453 resolvi,
717 2395 790 2465 ergo
813 2373 1010 2440 resolvuntur
1030 2375 1064 2439 in
1085 2367 1265 2456 primordia,
1287 2388 1367 2451 quae
1389 2369 1458 2451 ipsa
1475 2368 1614 2452 jamnon
1625 2367 1759 2452 amplius
1780 2366 1986 2445 resolvuntur,

337 2481 369 2546 id
391 2480 475 2563 quod
497 2487 566 2545 erat
588 2480 793 2565 probandum.

404 2590 463 2667 Qui
500 2612 607 2655 sensus
640 2611 711 2656 eum
742 2590 860 2674 optime
891 2609 925 2654 se
954 2589 1073 2654 habeat
1104 2591 1224 2674 totique
1258 2590 1349 2675 hujus
1381 2590 1440 2655 loci
1462 2590 1634 2655 sententiae
1658 2589 1834 2667 conveniat,
1866 2588 1986 2653 nullum

337 2701 562 2767 mutationibus
585 2701 635 2766 liic
657 2722 723 2767 esse
745 2701 849 2765 locum
870 2700 1044 2786 apparebit,
1066 2724 1219 2786 umanue
1241 2703 1304 2767 628
1325 2701 1489 2784 legendum
1512 2719 1593 2767 esset
1617 2700 1796 2781 Denique
1817 2698 1852 2762 si
1873 2701 1987 2764 mini-

338 2832 435 2890 mas,
456 2818 489 2876 et
508 2834 535 2876 v.
560 2814 620 2879 631
643 2835 746 2897 quae
767 2814 889 2880 nullis
910 2822 1003 2880 sunt
1023 2813 1210 2899 partibus
1232 2818 1360 2879 aucta
1373 2812 1399 2900 ¹)
1924 2886 1929 2895 ,

406 2918 481 3004 (lap.
503 2920 556 2988 IV.
601 2922 680 2987 Sunt
700 2924 872 3007 primordia
894 2925 1085 3008 corpuscula,
1108 2948 1188 3010 quae
1210 2948 1311 3010 neque
1332 2924 1430 2990 oculis
1451 2914 1551 3007 neque
1579 2923 1643 2988 ullo
1672 2922 1734 2987 alio
1756 2942 1848 2987 sensu
1869 2919 1987 3005 percipi

252 3037 393 3115 possunt,
414 3031 507 3115 plane
531 3033 632 3097 aliena
654 3033 694 3097 ab
717 3055 824 3098 earum
846 3055 951 3099 rerum
973 3041 1095 3117 natura,
1118 3058 1198 3122 quae
1220 3059 1328 3116 sensus
1349 3042 1473 3102 nostros
1495 3042 1623 3117 tangere
1636 3038 1774 3117 possunt,
1796 3039 1833 3097 ut
1853 3032 1894 3097 ab
1915 3031 1988 3113 igni,

251 3146 333 3222 a'ere,
354 3163 445 3226 aqua,
465 3148 559 3209 terra.
603 3143 730 3226 igniis
761 3147 843 3210 enim
865 3149 891 3212 si
912 3153 994 3213 esset
1016 3151 1154 3214 omnium
1175 3170 1282 3213 rerum
1302 3148 1456 3227 materies,
1489 3146 1572 3212 unde
1592 3153 1685 3211 tanta
1716 3166 1821 3210 rerum
1853 3144 1987 3211 varietas

252 3255 384 3319 existere
403 3254 533 3336 posset?
577 3251 825 3320 Oondensatione
846 3262 879 3320 et
906 3258 1113 3324 rarefactioue
1145 3261 1278 3324 existere
1307 3277 1369 3322 non
1400 3262 1514 3340 potest.
1556 3255 1638 3319 Nam
1669 3255 1749 3337 ignis
1781 3253 1988 3320 condensatus

252 3385 290 3429 ac
311 3366 483 3431 rarefactus
505 3373 561 3430 aut
581 3365 696 3432 desinit
716 3368 795 3451 ignis
817 3390 884 3434 esse
905 3376 961 3434 aut
982 3370 1062 3453 ignis
1083 3376 1230 3436 naturam
1251 3369 1392 3435 retinet.v
1417 3366 1450 3431 Si
1471 3366 1550 3448 iguis
1573 3386 1639 3430 esse
1650 3364 1772 3441 desinit
1791 3364 1872 3446 ignis
1893 3365 1988 3448 igitur

252 3483 385 3561 nonest
405 3479 599 3562 principium,
622 3481 670 3544 siu
690 3480 770 3564 ignis
791 3487 937 3547 naturam
958 3485 1089 3563 retinet,
1117 3482 1177 3546 hoo
1198 3486 1323 3545 tautum
1345 3478 1458 3544 efficiet
1479 3478 1680 3543 condensatio
1702 3485 1735 3542 et
1755 3476 1929 3555 rarefactio,
1952 3481 1988 3539 ut

254 3589 421 3653 contractis
443 3589 586 3672 partibus
607 3591 686 3674 ignis
708 3593 749 3657 sit
770 3593 886 3673 acrior,
921 3594 1058 3681 disjectis
1091 3598 1123 3657 et
1144 3591 1302 3675 dissipatis
1323 3591 1487 3658 remissior.
1531 3587 1642 3673 Itaque
1673 3590 1706 3652 iu
1737 3609 1843 3654 rerum
1874 3594 1988 3653 natura

253 3696 331 3761 nihil
354 3704 437 3762 esset
458 3705 584 3783 praeter
605 3702 708 3784 ignem
730 3703 787 3790 (a).
829 3701 938 3787 Neque
959 3705 1075 3769 rectius
1097 3704 1160 3767 duo
1180 3708 1339 3785 ponuntur
1360 3702 1521 3779 elementa,
1543 3707 1579 3767 ut
1598 3706 1654 3767 sir
1676 3707 1708 3765 et
1729 3702 1821 3785 ignis,
1850 3707 1933 3766 terra
1956 3707 1988 3763 ot

254 3826 345 3891 aqua,
367 3807 415 3871 vel
436 3817 579 3891 quatuor,
601 3817 728 3892 terra,
750 3827 871 3896 aqua,
893 3818 978 3894 a'e'r,
1008 3816 1113 3899 ignis
1135 3813 1192 3897 (b).
1236 3812 1375 3876 Primum
1398 3813 1480 3877 enim
1502 3813 1580 3878 baec
1601 3814 1706 3877 omnia
1726 3813 1865 3878 ridemus
1885 3817 1987 3876 muta-

253 3918 330 3984 bilia
352 3927 384 3987 et
405 3922 564 4002 mortalia;
586 3923 757 4007 primordia
779 3931 885 3990 autem
908 3926 934 3990 si
956 3931 1154 3991 mutarentur
1175 3931 1208 3987 et
1228 3923 1400 4003 interirent,
1422 3926 1527 3989 omnia
1544 3926 1611 4008 jam
1629 3925 1672 3990 ad
1683 3926 1813 3991 nihilum
1824 3926 1987 3991 revertisse

254 4031 452 4114 enihiloque
475 4039 585 4098 renata
606 4055 672 4098 esse
694 4042 831 4118 oportet,
865 4037 948 4120 quod
969 4036 1038 4102 fieri
1059 4058 1122 4101 non
1142 4058 1234 4120 posse
1256 4058 1352 4119 supra
1371 4037 1539 4119 probatum
1573 4043 1628 4102 est
1672 4037 1791 4102 Deinde
1823 4036 1878 4100 illa
1907 4056 1987 4118 quae

253 4144 362 4211 dicunt
384 4144 537 4209 elementa
557 4146 640 4209 inter
661 4167 694 4210 se
715 4147 841 4211 inimica
863 4153 989 4213 suntet
1010 4149 1099 4232 quasi
1121 4146 1290 4215 mortifera.
1333 4149 1425 4232 Aqua
1440 4149 1603 4214 enimcum
1619 4150 1661 4214 sit
1674 4148 1845 4215 humidaet
1865 4147 1985 4231 frigida,

253 4256 390 4321 maxime
411 4261 530 4339 pugnat
551 4276 621 4319 cum
642 4257 713 4338 igne
735 4257 816 4320 sicco
839 4263 871 4322 et
890 4256 1007 4338 calido;
1040 4264 1095 4324 adr
1117 4281 1187 4324 oum
1216 4259 1258 4324 sit
1279 4257 1424 4324 humidus
1446 4265 1478 4325 et
1499 4260 1626 4341 calidus,
1660 4280 1731 4324 cum
1762 4266 1848 4325 terra
1868 4264 1987 4343 pugnat

252 4364 343 4430 arida
364 4372 397 4430 et
417 4363 545 4448 frigida3
579 4371 743 4448 praeterea
772 4367 944 4449 igniacum
965 4371 1038 4433 aire
1060 4375 1093 4434 et
1112 4375 1199 4433 terra
1219 4374 1345 4453 pugnat,
1379 4373 1434 4434 air
1456 4390 1527 4433 oum
1548 4391 1639 4452 aqua,
1673 4391 1755 4453 aqua
1788 4391 1858 4434 cum
1890 4376 1985 4438 terra.

256 4475 386 4540 Accedit
407 4475 491 4557 quod
511 4477 537 4540 si
560 4475 712 4541 elementa
733 4477 855 4541 amissis
876 4480 995 4543 naturis
1017 4486 1181 4545 mutantur
1202 4478 1235 4541 in
1256 4499 1313 4557 res,
1347 4499 1428 4562 quae
1449 4500 1557 4545 rursus
1578 4480 1611 4543 in
1631 4480 1701 4564 ipsa
1722 4485 1890 4559 mutantur,
1922 4500 1983 4544 non

253 4586 323 4668 ipsa
343 4586 447 4668 potius
468 4606 581 4666 rerum,
604 4608 699 4669 quam
720 4609 770 4651 res
791 4588 929 4671 ipsorum
950 4590 1104 4674 principia
1125 4596 1214 4669 suut;
1243 4590 1291 4654 sin
1320 4595 1465 4655 naturam
1487 4597 1627 4669 servant,
1658 4611 1720 4655 non
1743 4596 1847 4654 certae
1868 4612 1918 4655 res
1947 4612 1986 4655 ex

255 4695 293 4760 iis
315 4695 461 4776 orientur,
483 4698 595 4780 quibus
616 4698 760 4782 propriae
783 4699 846 4764 sint
866 4706 997 4765 naturae
1019 4701 1208 4784 propriaque
1240 4702 1380 4782 nomina,
1412 4701 1467 4768 sed
1498 4703 1600 4767 acervi
1631 4701 1732 4767 solum
1763 4700 1985 4766 elementorum

412 4945 434 5011 ¹)
453 4942 492 4997 Ol.
511 4946 593 4997 Herm.
612 4949 689 4999 Lotre
707 4947 871 5011 Quaesdones
888 4949 990 5002 Lueret.
1006 4948 1098 5002 Philol.
1118 4949 1179 5005 vn.
1200 4951 1263 5000 1851
1282 4967 1309 5017 p.
1328 4952 1376 4999 707
1398 4966 1454 5014 sqq.
