4400 5584
1085 468 1136 557 il

328 677 531 763 intelligimus
550 678 589 748 X.
613 679 663 745 12.
683 678 819 761 μάλιστα
841 680 876 744 δὲ
900 681 1065 762 ἀπεδέχετο
1095 684 1184 766 (φησὶ
1205 684 1350 763 Διοκλῆς)
1383 685 1447 746 τῶν
1469 680 1609 761 ἀρχαίων
1628 676 1836 763 Ἀναξαγόραν
1865 679 1975 762 (καίτοι

328 786 362 852 ἓν
380 800 461 854 τισιν
482 786 665 874 ἄντιιρηιιώς
685 789 782 877 αὐτῷ)
804 790 853 853 ναὶ
873 790 1040 872 Ἀρχέλαον
1059 791 1116 856 τόν
1138 789 1324 874 Σωκράτους
1345 787 1538 855 διδάσκαλον.

396 899 472 985 Cup.
493 893 530 971 V.
573 898 673 966 Omne
693 896 778 984 quod
799 906 848 966 est
868 899 932 966 sive
952 900 1186 966 universum
1205 898 1414 964 infinitum
1436 905 1491 967 est.
1535 895 1976 981 Quodcunqueenimfinitum

242 1016 300 1091 est
321 1017 495 1077 externum
515 1008 636 1076 bebere
654 1016 787 1095 oportet,
809 1016 988 1077 erbemnm
1004 1016 1112 1076 eutem
1134 1030 1201 1076 esse
1219 1030 1282 1075 non
1302 1016 1421 1095 potest,
1451 1011 1511 1075 uisi
1532 1010 1618 1075 ultra
1648 1009 1690 1088 id,
1721 1007 1762 1073 de
1794 1007 1882 1091 eujus
1914 1004 1977 1071 fine

104 1126 118 1143 ''
243 1122 414 1206 quoeritm,
435 1122 478 1188 sit
498 1120 583 1206 quod
603 1120 702 1188 finiet
745 1120 813 1187 lom
844 1142 917 1187 curs
939 1128 1040 1189 extre
1065 1127 1220 1189 summam
1251 1142 1357 1187 rerum
1385 1121 1612 1186 nihilomnino
1644 1140 1711 1185 esse
1742 1118 1850 1202 possit,
1881 1108 1977 1182 linem

243 1232 446 1300 belunenen
463 1238 574 1318 potest
590 1240 650 1314 (ιι).
695 1232 752 1299 Vel
785 1238 853 1298 esto
886 1253 978 1298 omne
1009 1231 1133 1299 finitum
1166 1238 1198 1298 et
1229 1233 1262 1296 in
1293 1239 1435 1299 extrema
1466 1231 1549 1297 illius
1576 1231 1711 1299 universi
1723 1244 1790 1295 ‘cre‘
1808 1226 1977 1293 collocetur

242 1343 357 1429 uliquis
378 1351 410 1410 et
430 1343 528 1410 telum
545 1344 658 1429 jacint:
690 1350 747 1410 eut
773 1344 894 1428 longius
923 1342 1059 1409 evolabit
1087 1341 1166 1407 illud
1186 1341 1286 1407 telum
1306 1350 1363 1408 aut
1394 1342 1501 1426 ulique
1532 1363 1567 1407 re
1598 1341 1740 1420 sistetur3
1772 1339 1800 1404 si
1831 1338 1976 1419 evolabit,

243 1455 329 1521 ultre
349 1461 521 1521 extremum
542 1474 632 1521 orem
651 1461 742 1541 petet
763 1456 913 1540 spatium,
946 1455 973 1521 si
994 1455 1136 1535 sistetur,
1168 1453 1290 1537 aliquid
1311 1461 1402 1519 extra
1424 1459 1597 1518 extremum
1619 1458 1681 1533 est,
1703 1450 1880 1533 ubicunque
1903 1470 1977 1514 vero

244 1571 402 1632 extremus
423 1566 558 1631 universi
580 1576 655 1634 orne
675 1574 872 1647 statuuntur,
903 1588 1027 1652 semper
1057 1567 1118 1634 lroc
1138 1567 1233 1633 modo
1254 1565 1294 1631 de
1315 1564 1378 1629 telo
1395 1565 1484 1649 jacto
1512 1564 1622 1649 quaeri
1650 1567 1764 1647 potest.
1806 1559 1928 1626 Deinde
1949 1560 1977 1625 si

241 1673 367 1742 finitum
387 1683 469 1743 osset
489 1677 666 1744 universum
687 1683 721 1744 et
739 1678 834 1744 certis
854 1678 995 1744 terminis
1015 1678 1177 1760 inclusum,
1199 1679 1232 1743 iu
1253 1677 1313 1742 hoe
1332 1672 1422 1741 finito
1443 1677 1524 1741 imus
1544 1674 1657 1758 uliquis
1687 1679 1769 1739 esset
1799 1671 1901 1753 locus,
1933 1669 1977 1735 ad

244 1804 337 1868 quem
357 1786 505 1852 materies
526 1808 565 1852 ex
586 1792 714 1852 oeterno
745 1792 886 1871 temore
917 1787 1081 1854 subsidens
1113 1788 1222 1852 innutu
1249 1787 1310 1852 sibi
1330 1787 1483 1871 grovitme
1515 1784 1737 1865 contendisset,
1770 1781 1977 1867 effectumme

237 1895 307 1979 jum
326 1894 448 1979 pridem
467 1895 586 1978 furser,
606 1902 644 1962 ut
663 1892 813 1982 depresso
831 1899 864 1963 in
886 1920 957 1964 eum
978 1897 1083 1963 locum
1104 1897 1248 1962 universe
1268 1897 1402 1962 metenu
1420 1895 1498 1962 nihil
1516 1897 1583 1981 jorn
1613 1895 1754 1978 gener-eri
1785 1898 1900 1978 posset
1933 1928 1975 1944 -

243 2005 278 2071 Si
298 2026 372 2073 vero
392 2004 499 2072 finitus
520 2013 602 2073 essct
622 2007 862 2093 primordiorum
884 2028 1040 2089 numerus,
1065 2009 1171 2074 ornnie
1192 2006 1446 2088 dissolverentur3
1472 2013 1568 2091 rupto
1598 2006 1680 2071 euim
1701 2004 1811 2072 subito
1827 2024 1977 2089 compage

240 2118 361 2182 semine
380 2115 471 2183 linito
490 2138 548 2202 per
568 2119 661 2185 inune
681 2119 867 2185 immensum
881 2119 1115 2205 dissiparentur,
1136 2140 1298 2203 nunquam
1309 2118 1464 2202 congredi,
1484 2136 1645 2201 nunquam
1667 2116 1834 2182 cohaerere
1855 2115 1975 2200 potuis·

242 2234 320 2309 sent,
342 2228 398 2293 sed
418 2246 476 2313 per
495 2226 651 2295 infinitum
671 2231 764 2296 mone
784 2230 926 2316 disperse
946 2238 1136 2315 regerentur
1156 2231 1212 2315 (b).
1256 2230 1361 2296 Finito
1392 2236 1499 2296 autem
1520 2229 1640 2296 semine
1665 2229 1699 2293 in
1719 2226 1851 2293 infinitio
1873 2225 1975 2310 spatio

242 2335 384 2422 dispem
414 2358 574 2423 nunquam
608 2342 822 2409 convenissent
853 2343 895 2409 ed
925 2343 984 2409 bus
1014 2364 1122 2409 omnes
1154 2342 1262 2408 mundi
1293 2362 1344 2407 res
1365 2342 1548 2425 gignendus,
1580 2341 1639 2406 nisi
1670 2339 1751 2404 forte
1771 2358 1886 2421 magna
1907 2340 1976 2401 arte

243 2467 427 2533 summoque
447 2448 576 2516 oonsilio
598 2471 636 2517 eu
656 2452 800 2537 proeditu
820 2453 914 2523 dices
958 2452 1021 2519 Sed
1040 2473 1091 2520 res
1113 2475 1220 2520 ornnes
1245 2452 1375 2519 fortuito
1400 2450 1593 2518 infinitorum
1614 2472 1779 2536 corporum
1800 2450 1833 2514 in
1854 2446 1977 2513 infinito

243 2558 414 2625 volentium
435 2580 588 2628 concursu
609 2569 793 2647 procreatus
813 2571 887 2631 sunt
908 2570 941 2630 et
961 2564 1101 2648 quotidie
1121 2572 1310 2650 reperentur
1330 2585 1370 2629 ex
1388 2563 1450 2629 illis
1471 2562 1647 2644 seminibus,
1669 2581 1750 2646 quoe
1771 2557 1893 2626 infinita
1907 2578 1976 2623 cor-

242 2686 354 2754 porum
373 2671 546 2755 primorum
567 2675 658 2759 copie
677 2675 866 2760 suppeditet.
887 2712 928 2727 -

398 2782 516 2850 Errant
536 2790 643 2851 eutem
663 2786 718 2869 qui
739 2786 848 2853 dicunt
869 2794 1011 2853 centrum
1032 2808 1100 2853 esse
1121 2787 1249 2872 aliquod
1269 2787 1413 2865 universi,
1445 2786 1477 2851 in
1509 2785 1593 2870 quod
1615 2766 1721 2850 omniu
1740 2766 1883 2848 nitentur
1903 2798 1975 2864 gra·

244 2889 341 2955 vitute
363 2911 430 2971 suu,
450 2892 582 2979 ideoque
604 2913 666 2960 non
688 2917 766 2981 opus
788 2918 855 2963 esse
876 2897 999 2963 infinite
1018 2897 1262 2982 primordiorum
1283 2897 1490 2977 multitudine,
1523 2902 1559 2961 ut
1579 2897 1657 2961 hoec
1680 2893 1789 2960 mundi
1811 2910 1977 2975 compages

244 3007 394 3081 seruetur,
411 3004 468 3070 sed
490 3007 642 3071 contineri
663 3004 735 3073 illes
755 3009 928 3092 purusne
950 3009 1053 3075 studio
1075 3010 1212 3093 quodum
1234 3010 1267 3074 in
1288 3007 1425 3074 medium
1445 3008 1573 3088 nitendi,
1593 3009 1701 3090 itaque
1722 3011 1839 3070 terrum
1859 3002 1978 3067 fectum

243 3131 312 3177 esse
331 3114 507 3193 rotrudem,
529 3117 563 3179 in
585 3117 687 3182 metiio
709 3138 905 3204 suspensam,
928 3134 1096 3204 omnesque
1119 3119 1213 3184 etium
1247 3118 1392 3184 adversas
1413 3119 1506 3203 hujus
1538 3115 1622 3200 globi
1654 3121 1761 3200 partes
1788 3109 1978 3177 animalibus

244 3220 404 3290 habitatus
427 3246 502 3306 esse,
535 3247 616 3310 quue
637 3248 700 3292 non
721 3228 868 3296 decidunt
887 3232 921 3296 in
941 3236 1048 3316 partes
1069 3229 1148 3296 coeli
1169 3229 1228 3295 sibi
1250 3230 1419 3316 subjectas,
1451 3250 1552 3313 neque
1573 3226 1747 3292 timendum
1770 3244 1837 3289 esse
1858 3243 1897 3286 ne
1917 3241 1975 3285 un·

243 3353 338 3417 quum
360 3336 442 3401 imee
462 3356 664 3422 summaeque
686 3341 843 3424 compagis
863 3347 972 3426 partes
993 3341 1219 3427 disjungentur,
1242 3361 1312 3405 cum
1332 3341 1366 3405 in
1388 3361 1485 3404 unum
1503 3338 1648 3421 idemque
1669 3334 1806 3400 medium
1824 3334 1975 3398 nituntur.

241 3442 421 3511 Absurdum
443 3447 525 3513 enim
546 3456 602 3529 est,
624 3466 718 3533 greve
739 3451 867 3536 aliquod
888 3475 922 3518 se
943 3456 1046 3538 ipsum
1073 3452 1227 3519 sustinere
1247 3472 1339 3537 posse
1370 3457 1428 3517 aut
1458 3451 1492 3515 in
1523 3449 1686 3515 adversam
1717 3454 1821 3512 terrae
1851 3449 1974 3528 partem

247 3565 370 3621 sursum¹
391 3558 526 3625 tendere.
570 3560 709 3627 Medium
729 3562 850 3629 nullum
872 3584 938 3630 esse
959 3570 1071 3650 potest,
1105 3585 1175 3628 eum
1207 3564 1300 3628 inune
1320 3562 1363 3627 sit
1382 3560 1547 3626 infinitum.
1592 3557 1711 3623 Deinde
1740 3555 1841 3620 inanis
1860 3560 1976 3620 nature

244 3671 293 3730 est
308 3663 423 3733 'suere
442 3670 640 3754 ponderibus,
661 3673 768 3757 itaque
789 3694 890 3757 neque
911 3674 1015 3740 medis
1040 3695 1141 3758 neque
1173 3672 1237 3739 ullu
1270 3672 1333 3739 ulia
1363 3673 1465 3737 inanis
1496 3666 1570 3755 pars
1601 3688 1651 3733 res
1682 3688 1791 3751 gaves
1822 3667 1976 3731 sustinere

245 3782 350 3860 potest
371 3785 427 3860 (e).
471 3770 613 3866 Denique
633 3783 660 3849 si
681 3785 751 3868 quis
771 3790 874 3870 putet,
897 3786 1002 3851 omniu
1022 3787 1129 3870 gravio
1150 3791 1187 3851 ut
1206 3791 1324 3851 terrm
1355 3788 1388 3849 et
1409 3800 1526 3866 uquam
1555 3781 1589 3844 in
1622 3778 1758 3843 medium
1789 3778 1864 3857 niti,
1895 3775 1978 3841 levis

242 3893 279 3953 ut
299 3892 374 3952 edre
395 3894 427 3954 et
448 3891 550 3974 ignem
571 3914 694 3959 sursum
712 3894 788 3961 ferri
808 3896 867 3979 (d),
899 3897 1000 3982 iisque
1020 3897 1118 3963 solem
1140 3903 1173 3962 et
1193 3895 1297 3961 sidera
1317 3893 1438 3973 nutriri,
1470 3890 1547 3977 quid
1566 3890 1695 3956 tandem
1715 3889 1799 3954 leves
1819 3887 1879 3952 hus
1901 3892 1933 3952 et
1954 3907 1974 3952 u

242 3996 345 4063 medio
367 4006 529 4083 surgentes
550 4003 721 4085 particulas
743 4007 911 4088 contineat,
933 4030 974 4072 ne
994 4029 1052 4093 per
1072 4008 1165 4073 inune
1185 4008 1370 4072 immensum
1385 3998 1488 4070 subito
1500 4001 1673 4087 diffugiunt,
1695 4000 1817 4066 coelum
1838 4004 1973 4078 comunt,

241 4115 328 4175 tenu
347 4108 482 4194 pedibus
502 4113 616 4178 nostris
638 4134 671 4179 se
692 4114 853 4198 subducet,
874 4122 977 4185 totum
998 4120 1176 4185 universum
1198 4116 1405 4184 dissolvetur?

397 4219 445 4307 (ὅ)
469 4220 593 4304 Elli‘ffil'·
615 4241 667 4308 aP·
690 4224 778 4309 Diog.
800 4227 834 4296 L.
855 4227 893 4309 X,
915 4227 966 4296 41.
989 4232 1068 4297 etit
1082 4233 1145 4318 μὴν
1159 4234 1208 4296 καὶ
1228 4228 1264 4295 ro*
1286 4235 1350 4294 πᾶν
1371 4214 1642 4309 incredulorum
1663 4220 1723 4308 peip
1745 4221 1975 4303 πεπερασμένον

330 4331 427 4417 ἄκρον
448 4331 519 4415 ἔχει·
544 4330 581 4397 ud
602 4335 636 4398 dl
656 4332 752 4419 ἄκραν
773 4337 843 4423 παρ’
863 4338 965 4425 ἕτερον
974 4365 1004 4405 τι
1014 4344 1186 4427 θεωρεῖται,
1208 4340 1287 4405 ὥστε
1310 4339 1364 4404 οὐκ
1386 4338 1458 4422 ἕχον
1480 4334 1575 4421 ἄκρον
1595 4337 1689 4420 πέρας
1711 4334 1766 4397 cdx
1788 4330 1859 4415 ἔχει,
1880 4330 1975 4413 πέρας

330 4440 365 4505 dl
384 4441 440 4506 ree
460 4441 533 4526 ἕχον
553 4440 682 4527 ἄπειρον
704 4444 743 4508 ἄν
763 4446 816 4532 εἴη,
837 4452 887 4513 καὶ
908 4447 944 4513 od
965 4450 1201 4533 πεπερασμένον.
1244 4448 1314 4515 Hoc
1338 4449 1475 4534 primum
1495 4446 1632 4512 Lucretii
1652 4448 1882 4530 argumentum,
1910 4459 1976 4523 (11¹0

328 4551 443 4635 probat
464 4554 641 4620 universum
663 4576 729 4622 esse
749 4556 913 4639 infinitum,
943 4559 1077 4645 explicet
1103 4558 1165 4630 Cic.
1194 4560 1233 4626 de
1261 4560 1353 4625 divin.
1385 4558 1410 4639 Ι,
1442 4560 1472 4628 2.
1514 4558 1649 4624 Videsne
1669 4556 1847 4642 Epicurum,
1879 4570 1973 4635 quem

328 4661 472 4735 hebetem
494 4671 526 4729 et
545 4665 657 4731 rudem
677 4665 781 4733 dicere
801 4667 902 4734 solent
922 4669 1032 4751 Stoici,
1064 4670 1326 4755 quemadmodum
1354 4669 1439 4755 quod
1467 4669 1500 4733 in
1530 4674 1644 4734 noune
1665 4689 1770 4733 rerum
1791 4684 1884 4731 omne
1905 4683 1976 4728 esse

329 4770 468 4854 dicimus,
489 4774 523 4839 id
541 4775 696 4843 infinitum
716 4799 784 4844 esse
804 4779 1012 4847 concluserit?
1056 4781 1147 4861 Quod
1167 4781 1290 4849 finitum
1311 4788 1367 4862 est,
1388 4780 1485 4847 habet
1504 4786 1686 4847 extremm
1730 4776 1806 4856 Quis
1826 4775 1886 4841 hoe
1908 4792 1973 4837 uon

328 4880 473 4949 dederit?
517 4884 606 4964 Quod
626 4896 731 4956 entem
751 4889 848 4957 hebet
866 4897 1052 4974 extremum,
1072 4892 1106 4957 id
1129 4892 1266 4959 cernitur
1286 4914 1325 4959 ex
1356 4892 1418 4959 ulio
1440 4890 1640 4959 extrinsecus.
1684 4888 1753 4955 Hoc
1774 4906 1898 4973 quoque
1919 4890 1972 4950 est
