4400 5584
1101 466 1151 547 33

257 665 380 748 nebula,
402 665 545 748 flamma,
578 688 649 733 cum
671 674 703 733 et
724 668 870 734 facillime
891 669 1018 736 dissolvi
1048 670 1177 755 possint,
1211 676 1243 736 et
1274 691 1383 736 sensus
1414 669 1607 755 penetrando
1639 666 1775 747 laedant,
1806 667 1923 752 partim
1956 687 1995 733 ex

256 777 396 845 laeribus
417 787 450 845 et
470 778 621 860 rotundis,
653 780 770 864 partim
791 802 830 846 ex
851 783 952 847 acutis
971 782 1133 866 principiis
1154 782 1327 866 composita
1357 786 1439 872 sunt.
1482 779 1603 846 Eadem
1634 800 1708 845 vero
1738 779 1896 844 interdum
1926 799 1994 845 esse

259 896 291 955 et
311 910 421 956 amara
443 896 475 956 et
496 888 602 970 fluida,
623 897 660 956 ut
680 912 796 976 aquam
817 892 971 957 marinam
999 894 1052 976 (c),
1083 913 1147 956 oon
1175 897 1237 971 cst,
1265 888 1350 974 quod
1382 890 1549 974 quisquam
1580 889 1719 959 miretur.
1761 887 1798 952 In
1829 887 1879 954 his
1911 887 1993 952 enim

256 1000 436 1084 primordiis
456 1000 600 1066 rotundis
622 1007 655 1067 et
675 1002 781 1086 politis
803 1001 944 1068 admixta
970 1008 1043 1067 sunt
1064 1002 1219 1086 quaedam
1240 1000 1357 1067 doloris
1378 1007 1411 1068 et
1432 1000 1593 1067 molestiae
1613 1020 1754 1084 corpora,
1775 1000 1795 1066 i.
1816 1020 1843 1067 e.
1865 999 1994 1066 horrida

257 1118 291 1177 et
310 1131 433 1198 aspera,
456 1133 519 1197 quo
540 1110 577 1177 fit
598 1119 634 1178 ut
654 1112 794 1199 provolvi
814 1113 936 1199 possint
956 1115 1048 1181 simul
1070 1122 1103 1182 et
1123 1137 1231 1181 sensns
1252 1114 1377 1180 laedere
1399 1112 1458 1203 (d).
1479 1150 1521 1162 —

411 1223 647 1307 Figuratum
669 1223 1038 1292 dissimilitudines
1058 1225 1202 1293 finitas
1223 1247 1290 1292 esse
1311 1225 1384 1291 inde
1406 1229 1547 1310 apparet,
1570 1222 1662 1307 quod,
1682 1222 1709 1288 si
1720 1227 1824 1287 essent
1844 1219 1993 1302 infinitae,

258 1338 362 1397 essent
383 1332 489 1418 ahqua
510 1334 682 1419 primordia
703 1335 855 1402 immensa
876 1336 1097 1420 magnitudine.
1141 1338 1205 1404 Fac
1226 1337 1322 1416 enim,
1356 1334 1496 1402 etribos
1517 1340 1573 1399 aut
1593 1332 1743 1418 pluribus,
1774 1332 1843 1404 'aa
1865 1331 1993 1398 definito

256 1443 394 1527 partium
415 1458 545 1510 numero
569 1451 712 1511 constare
733 1446 913 1530 primordia.
958 1447 1122 1526 Quaelibet
1143 1446 1288 1533 figuratio
1309 1447 1403 1512 situm
1424 1446 1564 1530 partium
1584 1442 1773 1529 peculiarem
1795 1444 1904 1527 exigit,
1926 1463 1993 1509 cer·

256 1560 310 1619 tus
330 1560 435 1619 autem
457 1557 596 1640 partium
617 1578 764 1622 numerus
786 1564 835 1622 tot
854 1557 956 1623 modis
989 1560 1153 1644 transponi
1179 1547 1212 1625 et
1239 1557 1384 1643 componi
1412 1562 1532 1642 potest,
1564 1561 1602 1622 ut
1622 1554 1725 1620 nullus
1741 1555 1809 1640 jam
1830 1554 1994 1639 positionis

257 1663 369 1730 modus
390 1668 534 1751 supersit.
579 1667 628 1732 hd
650 1665 807 1733 infinitum
829 1689 902 1752 ergo
924 1667 1095 1752 figurarum
1109 1689 1274 1733 numerum
1285 1666 1481 1734 efficiendum
1502 1666 1625 1733 infinita
1644 1666 1782 1751 partium
1793 1666 1993 1733 multitudine

257 1796 335 1860 opus
356 1783 446 1857 esset,
468 1798 531 1862 qua
552 1798 591 1842 ex
612 1799 647 1843 re
667 1777 790 1843 infinita
809 1779 991 1861 magnitudo
1014 1780 1158 1860 eveniret,
1180 1779 1353 1864 cujusmodi
1375 1779 1408 1845 in
1428 1778 1599 1864 primordio
1621 1799 1689 1843 esse
1702 1798 1764 1842 non
1785 1783 1898 1862 potest,
1920 1800 1993 1844 cum

255 1885 339 1952 infra
359 1888 457 1954 risum
479 1889 571 1973 longe
593 1890 743 1955 consistat
764 1894 819 1969 (e).
863 1889 982 1956 Deinde
1004 1891 1032 1957 si
1051 1890 1221 1975 figurarum
1242 1889 1382 1956 infinitus
1402 1911 1550 1955 numerus
1560 1887 1791 1969 concederetur,
1811 1888 1889 1953 nihil
1910 1895 1992 1956 esset

258 2004 433 2063 extremum
453 2000 486 2063 in
507 1999 610 2079 rebus,
642 1999 720 2064 nihil
752 2007 872 2066 certum
900 2007 932 2067 et
959 2003 1177 2083 terminatum
1210 2002 1336 2086 optimis
1363 2002 1445 2067 enim
1466 2000 1560 2066 rebus
1581 2000 1699 2081 melior,
1730 2000 1873 2085 pessimis
1904 2001 1993 2086 pejor

257 2109 372 2175 exonii
393 2117 508 2194 posset.
528 2149 573 2162 -
600 2110 661 2176 Sed
683 2132 871 2178 numerus
893 2113 1084 2198 cujusque
1105 2112 1263 2195 figurae
1284 2110 1588 2196 primordiorum
1609 2110 1714 2175 inter
1734 2131 1775 2174 se
1796 2108 1991 2176 similium

254 2219 445 2286 infinitus
467 2227 523 2290 est.
567 2221 666 2288 Aliter
687 2223 770 2287 enim
791 2223 944 2288 materiae
965 2244 1087 2288 summa
1107 2220 1198 2286 finita
1219 2229 1308 2303 esset,
1330 2221 1414 2306 quod
1435 2219 1576 2287 fierinon
1597 2241 1689 2305 posse
1708 2241 1804 2305 supra
1823 2219 1992 2305 probatum

257 2338 313 2400 est.
358 2332 390 2397 Si
423 2353 496 2396 vero
529 2333 599 2416 quis
631 2332 771 2418 objiciat,
805 2356 872 2400 esse
902 2335 1056 2418 quaedam
1088 2334 1237 2399 animalia
1268 2334 1331 2399 alia
1362 2334 1434 2399 aliis
1454 2333 1576 2399 rariora
1596 2337 1634 2397 ut
1654 2330 1837 2415 elephantos
1858 2332 1992 2417 ideoque

255 2464 363 2509 eorum
385 2464 551 2529 corporum
572 2443 752 2528 primorum,
775 2465 813 2510 ex
835 2444 947 2528 quibus
968 2444 1023 2510 illa
1045 2451 1188 2510 constent
1208 2444 1324 2529 figuras
1344 2465 1433 2509 raras
1455 2464 1522 2510 esse
1542 2450 1575 2508 et
1595 2443 1707 2525 finitas,
1739 2442 1990 2528 respondendum

256 2561 304 2620 est
324 2556 475 2640 primum,
507 2553 563 2619 illa
584 2573 667 2638 quae
688 2554 750 2620 alio
772 2555 840 2621 loco
862 2577 935 2620 rara
957 2556 1020 2621 sint
1040 2555 1190 2621 animalia
1211 2554 1372 2621 abundare
1392 2556 1468 2635 alio;
1502 2553 1622 2636 deinde,
1644 2556 1785 2639 quamvis
1806 2553 1991 2620 concedere·

254 2688 333 2748 mus,
354 2687 449 2732 unam
470 2666 602 2751 alicujus
623 2667 744 2750 generis
765 2689 832 2734 rem
854 2668 885 2732 in
909 2674 976 2733 toto
997 2658 1073 2733 orbe
1093 2673 1250 2732 terrarum
1271 2668 1409 2747 inveniri,
1426 2665 1991 2750 tamennehaecquidemunacreari

256 2779 423 2862 potuisset,
457 2779 517 2843 nisi
548 2786 652 2845 essent
672 2777 794 2845 infinita
815 2782 965 2845 materiae
987 2800 1120 2862 corpora
1141 2779 1255 2843 similia
1276 2784 1309 2843 et
1330 2778 1468 2862 ejusdem
1489 2777 1622 2858 formae,
1654 2800 1693 2844 ex
1725 2777 1838 2862 quibus
1870 2798 1908 2843 ea
1939 2799 1990 2842 res

256 2887 393 2955 conflata
413 2891 445 2954 in
467 2889 568 2954 lucem
589 2889 723 2976 proferri
743 2891 854 2974 potuit.
898 2891 1009 2973 ltaque
1031 2888 1170 2955 infinitus
1180 2910 1328 2954 numerus
1339 2894 1387 2954 est
1396 2888 1639 2973 primordiorum
1658 2896 1691 2954 et
1711 2895 1857 2954 aeternus
1877 2890 1990 2971 moths,

255 3001 310 3084 qui
331 3021 381 3065 res
401 3001 511 3065 mundi
532 3006 677 3084 procreat
699 3008 731 3066 et
751 2999 886 3079 resolvit,
907 3002 954 3066 ita
975 3000 1101 3085 quidem
1122 3007 1159 3065 ut
1179 3005 1332 3084 quantum
1353 2999 1490 3065 motibus
1504 2998 1682 3064 exitialibus
1701 3000 1844 3081 intereat,
1865 3006 1990 3067 tantum

254 3111 441 3195 genitalibus
463 3118 646 3175 renascatur
667 3117 762 3194 atque
783 3133 906 3177 summa
926 3133 1030 3177 rerum
1062 3112 1095 3176 in
1122 3117 1285 3175 aeternum
1307 3116 1447 3174 servetur
1476 3108 1656 3192 aequabilis.
1700 3108 1841 3193 Denique
1861 3130 1989 3175 monen-

253 3221 330 3286 dum
352 3226 407 3300 est
429 3242 480 3285 res
500 3222 621 3304 genitas
642 3241 706 3284 non
727 3222 818 3286 unius
839 3221 957 3306 figurae
979 3222 1147 3289 seminibus
1168 3220 1320 3304 componi,
1342 3219 1397 3286 sed
1418 3220 1506 3285 varia
1526 3219 1685 3285 conhnere
1706 3220 1874 3305 principia,
1906 3219 1989 3287 unde

254 3331 361 3395 variae
383 3350 508 3413 quoque
528 3351 634 3395 rerum
654 3330 820 3396 facultates
841 3333 996 3411 orientum
1030 3333 1119 3418 cujus
1146 3334 1193 3401 rei
1213 3340 1299 3399 terra
1318 3332 1511 3398 luculentum
1543 3330 1720 3416 exemplum
1748 3332 1886 3416 praebet,
1917 3353 1989 3398 cum

255 3441 366 3508 eadem
385 3440 495 3521 fontes,
516 3438 667 3521 flammas,
688 3441 817 3507 arbores
837 3441 1000 3526 producat,
1032 3441 1210 3509 hominibus
1239 3443 1443 3528 omnibusque
1473 3442 1612 3508 ferarum
1644 3441 1810 3525 generibus
1840 3444 1991 3510 alimenta

255 3551 479 3619 subministret.
522 3549 584 3616 Sed
606 3552 746 3635 quamvis
768 3551 869 3617 multa
889 3553 1008 3618 semina
1028 3553 1136 3619 multis
1157 3554 1251 3620 rebus
1272 3556 1450 3620 communia
1470 3555 1542 3633 sint,
1563 3560 1669 3619 tamen
1679 3573 1878 3637 nequaquam
1889 3556 1991 3621 omnis

256 3663 377 3745 generis
399 3663 462 3727 sive
484 3662 618 3747 cujusvis
638 3659 757 3745 figurae
777 3663 932 3748 principia
952 3664 1034 3729 inter
1055 3685 1089 3729 se
1111 3666 1284 3731 consociari
1304 3687 1396 3750 posse
1416 3665 1591 3751 putandum
1613 3672 1668 3731 est
1712 3665 1781 3731 Hoc
1802 3666 1884 3731 enim
1896 3665 1989 3733 modo

256 3772 395 3857 quotidie
417 3779 558 3839 monstra
576 3776 662 3839 nasci
683 3773 873 3855 videremus,
905 3774 1010 3858 qualia
1031 3781 1144 3858 poetae
1164 3774 1329 3856 finxerunt,
1350 3782 1387 3842 ut
1408 3776 1596 3855 chimaeras,
1619 3782 1792 3857 cenmuros,
1813 3776 1886 3856 aha,
1908 3798 1990 3860 quae

256 3905 417 3977 nunquam
438 3893 653 3970 apparuerunt
673 3902 775 3970 neque
796 3885 1000 3971 apparebunt,
1032 3907 1104 3952 cum
1125 3908 1332 3971 unaquaeque
1353 3909 1403 3953 res
1424 3909 1462 3954 ea
1483 3893 1608 3953 tantum
1628 3887 1790 3973 principia,
1813 3908 1894 3971 quae
1915 3909 1990 3954 suae

255 4000 390 4061 naturae
411 4002 505 4079 aptae
527 4003 560 4060 et
583 4016 737 4079 congruae
758 4004 839 4077 sont,
872 3997 932 4062 sibi
953 3997 1116 4079 adsciscat,
1138 4005 1244 4063 cetera
1263 3999 1399 4084 rejiciat,
1431 4000 1538 4084 itaque
1559 4020 1666 4066 omnes
1687 4020 1738 4064 res
1752 3999 1845 4064 certis
1865 3999 1991 4065 semini·

256 4104 315 4172 bus
336 4112 434 4187 ortae,
456 4107 549 4172 certis
569 4105 726 4172 alimentis
746 4114 857 4173 auctae
879 4128 970 4173 suum
991 4129 1088 4191 genus
1110 4113 1241 4176 servent.

412 4214 460 4304 (a)
482 4216 681 4282 Democritus
702 4215 741 4281 de
763 4216 834 4301 igne
855 4224 887 4282 et
908 4217 948 4282 de
965 4218 1003 4283 iis
1024 4217 1203 4303 primordiis
1222 4240 1304 4303 quae
1324 4221 1430 4287 sintin
1451 4223 1530 4307 igne,
1550 4230 1715 4290 accuratas
1726 4225 1923 4308 quaestiones
1943 4225 1991 4289 in·

342 4327 482 4393 stituisse
511 4325 635 4392 videon
662 4328 813 4411 peculiari
844 4328 925 4394 libro
947 4330 1001 4414 qui
1032 4330 1214 4397 inscribitur
1234 4334 1339 4401 Αἰτίαι
1360 4336 1426 4419 περὶ
1448 4332 1545 4418 noodr
1565 4336 1615 4398 καὶ
1635 4339 1698 4401 τῶν
1719 4334 1751 4397 ἓν
1772 4359 1852 4419 πυρα.
1896 4335 1991 4421 Cujus

341 4439 415 4505 libri
436 4438 522 4503 haud
543 4438 608 4503 scio
628 4460 669 4503 an
691 4440 794 4504 locum
816 4443 985 4507 servaverit
1016 4442 1175 4512 Plutarch.
1197 4444 1313 4509 courir.
1334 4443 1413 4528 disp.
1435 4444 1487 4525 IV,
1509 4467 1538 4529 p.
1562 4445 1634 4511 665.
1681 4443 1728 4510 Ti
1754 4445 1911 4528 κεραύνιον
1931 4450 1991 4529 πῦρ

343 4553 482 4642 olnprda‘q
504 4555 553 4616 καὶ
574 4548 732 4633 λεπτότητι
755 4552 941 4634 θαυμαστόν
962 4554 1056 4629 ἐστιν,
1089 4552 1225 4618 αἰτόθεν
1256 4556 1325 4639 περὶ
1355 4553 1412 4638 τὴν
1442 4556 1556 4637 γένεσιν
1588 4556 1621 4620 ἐκ
1653 4558 1796 4636 καθαρᾶς
1826 4555 1875 4617 καὶ
1898 4552 1993 4639 ἁγνῆς

344 4659 416 4743 ἕχον
438 4662 551 4741 οὐσίας,
571 4662 629 4725 καὶ
641 4665 714 4740 πᾶν,
737 4662 799 4726 εἴτι
822 4665 1023 4746 συμμίγνυται
1045 4660 1178 4749 νοτερόν,
1198 4663 1219 4746 ἢ
1239 4663 1348 4745 γεῶδες
1368 4662 1453 4750 αὐτῷ
1471 4667 1526 4748 τῆς
1546 4666 1613 4748 περὶ
1633 4665 1690 4749 τήν
1710 4663 1826 4747 κίνησιν
1847 4659 1991 4746 ὀξύτητος

342 4771 565 4856 ἀποσειομένης
596 4779 645 4839 καὶ
678 4769 958 4858 διακαθαιρούσης.
1002 4771 1179 4857 Διόβλητον
1206 4774 1264 4856 μὲν
1293 4770 1394 4855 οὐδέν,
1426 4769 1469 4847 ὦς
1496 4797 1570 4859 φησι
1598 4772 1800 4859 Δημόκριτος,
1837 4769 1854 4834 ὁ
1881 4772 1926 4856 μή
1953 4770 1991 4834 τὸ

344 4881 416 4965 παρ’
447 4884 570 4967 αἰθρίης
601 4887 696 4978 στέγει
729 4886 825 4960 σέλας.
873 4883 925 4952 Tol
955 4884 1013 4965 μὲν
1044 4873 1099 4949 οὖν
1130 4885 1229 4946 πυκνοὶ
1260 4886 1322 4946 τῶν
1354 4878 1519 4964 σωμάτων,
1550 4881 1674 4965 χαλκός,
1707 4880 1846 4965 ἄργυρος,
1875 4878 1993 4964 χρυσᾶς

1616 4993 1635 5057 5
