4400 5584
1062 507 1089 585 4

569 710 641 780 inde
662 712 752 782 avide
772 718 897 798 partem
916 718 1038 778 montes
1059 709 1218 795 silvaeque
1238 708 1376 776 ferarum

568 823 742 909 possedero,
764 829 873 890 tenent
893 844 988 908 rupee
1000 828 1176 906 'vastaeque
1197 819 1328 906 paludes

571 940 604 1000 et
625 954 720 1014 mare,
742 933 826 1019 quod
847 933 912 1001 late
932 940 1088 1000 terrarum
1111 931 1240 997 distinet
1259 952 1340 1000 oras.

570 1044 644 1111 inde
665 1044 744 1111 duas
765 1066 860 1131 porro
880 1066 979 1130 prope
999 1043 1099 1129 partis
1123 1040 1260 1109 fervidus
1281 1042 1377 1109 ardor

569 1153 781 1239 adsiduusque
799 1153 863 1240 ‘geli
884 1174 974 1220 casus
995 1151 1181 1219 mortalibus
1202 1151 1313 1219 aufert.

570 1264 655 1350 quod
677 1272 820 1352 superest
840 1267 915 1347 ersi,
937 1272 1044 1333 tamen
1067 1264 1099 1329 id
1121 1269 1237 1330 natura
1257 1262 1367 1328 suavi

569 1377 710 1444 sentibus
731 1377 877 1460 obducat,
898 1378 931 1442 ni
950 1377 996 1443 ris
1017 1375 1155 1441 humana
1175 1372 1303 1438 resistat

571 1490 647 1556 vitai
668 1508 765 1555 eausa
785 1488 889 1555 valido
912 1493 1060 1554 consueta
1081 1485 1202 1553 bidenti

570 1599 727 1684 ingemere
747 1606 780 1665 et
800 1605 919 1665 terram
939 1598 1054 1683 pressis
1074 1593 1274 1681 proscindere
1296 1594 1409 1661 aratris

572 1710 600 1777 si
619 1731 683 1777 non
703 1709 853 1777 fecundas
873 1716 1030 1777 vertentes
1051 1729 1176 1777 vomere
1197 1706 1303 1792 glebas

571 1823 730 1906 terraique
751 1821 853 1889 solum
874 1820 1052 1906 subigentes
1074 1823 1172 1889 oimus
1193 1820 1235 1886 sd
1257 1824 1353 1899 ortus,

572 1939 683 2019 sponte
704 1954 762 2000 sua
782 1938 940 2018 nequeant
960 1931 1095 2018 liquidas
1117 1935 1249 2001 existere
1270 1932 1303 1998 in
1325 1950 1427 2011 auras,

571 2051 605 2111 et
624 2051 731 2112 tamen
750 2045 908 2112 interdum
929 2066 1042 2131 megno
1064 2046 1207 2132 quaesita
1226 2043 1337 2109 laboro

571 2177 643 2223 oum
661 2158 728 2243 jam
749 2179 807 2244 per
827 2165 930 2225 terras
950 2157 1097 2225 frondent
1118 2162 1214 2240 atque
1235 2153 1340 2220 omnia
1361 2150 1482 2232 florent

573 2274 630 2335 aut
650 2269 754 2336 nimiis
774 2275 876 2336 torret
896 2268 1069 2337 fervoribus
1090 2270 1248 2336 aetherius
1268 2265 1316 2334 sol

571 2385 628 2445 aut
646 2377 743 2445 subih'
763 2384 929 2464 peremunt
948 2379 1057 2447 imbris
1076 2378 1259 2463 gelidaeque
1279 2375 1417 2461 pruinae

571 2486 734 2573 flabraque
754 2494 919 2555 ventorum
938 2489 1075 2556 violento
1096 2487 1223 2555 trubine
1247 2489 1370 2551 vexant

572 2604 736 2683 praeterea
756 2619 855 2683 genus
873 2598 1060 2665 horriferum
1081 2605 1196 2665 natura
1217 2594 1355 2661 ferarum

571 2710 727 2776 humanae
748 2711 833 2794 genti
853 2709 1000 2776 infestum
1020 2717 1168 2794 terraque
1189 2707 1331 2790 marique

573 2842 629 2888 our
651 2822 710 2889 alit
730 2828 827 2907 atque
848 2826 963 2908 auget?
1006 2845 1062 2890 our
1082 2821 1157 2889 anni
1178 2826 1322 2904 tempora
1342 2814 1467 2882 morbos

573 2931 768 3017 adportant?
789 2953 888 3017 quare
908 2954 992 3001 mors
1013 2935 1172 2999 inmatura
1193 2928 1345 3014 vagatur?

574 3048 642 3109 tum
662 3061 757 3126 perro
778 3063 865 3127 puer,
886 3048 922 3107 ut
943 3044 1042 3121 saeris
1063 3045 1221 3128 projeetus
1240 3039 1282 3106 ab
1304 3037 1397 3104 undis

572 3152 687 3232 navita,
708 3150 811 3216 nudus
832 3151 919 3217 humi
936 3153 1030 3237 jaoet,
1050 3154 1161 3236 inians,
1181 3154 1304 3239 indigus
1326 3151 1410 3217 omni

573 3261 661 3328 vitali
682 3262 807 3344 auxilio,
829 3284 901 3329 oum
921 3265 1058 3349 primum
1078 3267 1112 3331 in
1133 3264 1258 3332 luminis
1279 3283 1351 3328 oras

571 3371 696 3439 nixibus
717 3392 756 3439 ex
776 3372 847 3439 alvo
869 3377 981 3441 matris
1001 3381 1117 3441 natura
1137 3373 1284 3461 profudit,

572 3483 740 3568 vagituque
761 3484 866 3552 lorum
887 3486 1012 3571 lugubri
1033 3487 1176 3571 complet,
1196 3491 1235 3551 ut
1255 3486 1421 3567 aequumst

572 3594 624 3659 oui
644 3598 769 3660 tantum
790 3595 823 3660 in
844 3597 910 3663 vita
930 3601 1029 3663 restet
1049 3598 1185 3663 manure
1204 3593 1368 3660 malorum.

370 3702 434 3771 Sed
454 3703 482 3772 si
501 3704 573 3790 quis
594 3704 687 3785 dieat
707 3705 822 3773 timore
837 3706 967 3774 deorum
988 3708 1113 3775 sublato
1134 3706 1201 3774 fore
1220 3712 1257 3771 ut
1271 3722 1363 3770 omne
1373 3699 1467 3783 aequi
1486 3701 1520 3763 et
1539 3695 1615 3762 boni
1635 3691 1774 3761 studium
1784 3692 1951 3757 evanescat

218 3816 420 3901 hominesque
441 3815 475 3882 in
493 3815 613 3883 seelera
633 3817 820 3902 praecipites
830 3824 935 3896 ruant,
957 3818 1122 3886 Lueretius
1141 3819 1243 3904 ipsam
1264 3813 1446 3898 religionem
1461 3806 1641 3875 foedissima
1653 3802 1773 3889 flagitia
1792 3800 1950 3888 peperisse

219 3928 313 3995 doeet
345 3926 488 4014 exemplo
518 3927 700 4014 Iphigeniae
720 3928 761 3995 ab
785 3928 1018 4014 Agamemnone
1043 3936 1135 4016 patre
1156 3928 1199 3994 ad
1232 3946 1321 3993 aram
1342 3923 1463 3989 Dianae
1491 3921 1581 4005 jussu
1612 3914 1732 3984 oraculi
1751 3915 1950 3993 medaea)

218 4038 319 4106 Imnm
340 4058 414 4106 vero
435 4038 531 4106 etiam
551 4038 631 4105 nibil
650 4040 825 4125 perversius
839 4061 906 4107 esse
920 4046 1027 4107 censet
1039 4040 1219 4125 vulgaribus
1239 4034 1401 4103 homiuum
1414 4026 1622 4115 religionibus.
1664 4023 1799 4093 Namad
1819 4022 1949 4089 deorum

178 4132 181 4140 ¹
219 4152 344 4215 statuas
364 4153 475 4233 operto
496 4148 599 4234 capite
620 4149 797 4233 circumagi,
828 4136 982 4216 ventitare
1011 4150 1054 4216 ad
1075 4170 1183 4216 omnes
1214 4168 1301 4229 aras,
1331 4143 1434 4231 passis
1466 4138 1610 4207 manibus
1640 4134 1845 4224 procumbere
1875 4135 1949 4197 ante

219 4260 349 4328 deorum
370 4259 498 4346 templs,
518 4259 690 4326 multarum
710 4259 884 4327 hostiarum
904 4261 1054 4346 sanguine
1074 4259 1255 4344 orebrisquo
1276 4256 1356 4324 votis
1377 4254 1506 4321 deorum
1526 4252 1608 4317 iram
1627 4249 1762 4336 plaeere,
1783 4263 1847 4309 11011
1867 4241 1949 4307 hanc

219 4394 289 4440 esse
308 4373 460 4458 pietatem
480 4371 661 4457 putandam,
689 4410 733 4423 -
763 4391 838 4438 vere
856 4373 944 4458 pium
964 4372 1057 4438 unius
1078 4393 1147 4438 esse
1167 4370 1316 4456 sapientis
1337 4367 1489 4444 animum,
1521 4362 1577 4448 qui
1596 4359 1676 4425 liber
1695 4356 1737 4424 ab
1758 4354 1843 4422 omni
1861 4357 1950 4419 motu

219 4481 348 4551 turbido
379 4503 502 4551 summa
533 4482 758 4569 aequabilitate
791 4489 825 4549 et
856 4482 1085 4568 tranquillitate
1117 4482 1285 4567 fruatur.¹)
1337 4480 1469 4546 Fontem
1500 4479 1606 4541 autem
1636 4469 1788 4537 salsarum
1818 4466 1859 4534 de
1890 4465 1950 4532 dus

219 4597 401 4684 opinionum
421 4595 616 4663 inscientiam
638 4600 858 4664 essenaturae.
906 4594 1055 4661 Homines
1077 4593 1169 4675 enim,
1190 4613 1261 4659 oum
1282 4590 1383 4657 multa
1402 4587 1471 4654 fieri
1489 4587 1524 4653 in
1543 4589 1630 4650 terra
1651 4588 1684 4648 et
1704 4576 1951 4659 ooeloviderent,

218 4729 354 4794 quarum
374 4729 479 4774 rerum
502 4727 613 4774 causas
633 4707 829 4792 ignorarent,
863 4705 924 4773 hoo
945 4726 1018 4773 usos
1040 4724 1108 4771 esse
1129 4701 1280 4789 perfugio,
1311 4706 1349 4767 ut
1369 4698 1474 4766 omnia
1493 4695 1622 4763 deorum
1643 4690 1775 4759 arbitrio
1796 4695 1829 4756 et
1848 4689 1952 4775 provi·
