4400 5584
1135 529 1158 611 3

637 733 785 798 Humane
804 737 879 799 unte
900 731 1006 799 oculos
1026 731 1118 799 foede
1138 752 1210 797 enm
1230 731 1296 796 vito
1312 732 1433 815 jaceret

636 844 670 910 in
690 843 783 910 terris
806 864 955 929 oppresse
973 844 1062 927 gravi
1084 843 1143 908 sub
1163 841 1320 926 religione,

637 976 719 1041 quac
739 961 835 1040 ceput
854 975 875 1020 e
896 953 975 1021 coeli
995 953 1172 1039 regionibus
1194 952 1380 1027 ostendebat

638 1066 782 1132 horribili
803 1088 897 1151 super
917 1072 1047 1151 mpeolm
1068 1066 1253 1134 mortalibus
1273 1066 1394 1132 instem

635 1177 772 1263 primum
793 1175 908 1243 Graius
928 1166 1023 1245 homo
1043 1177 1186 1244 mortalis
1208 1176 1336 1243 tendere
1357 1178 1468 1239 contra

637 1292 686 1354 est
706 1286 812 1355 oculos
833 1308 929 1355 susus
949 1287 1131 1373 primusque
1152 1287 1302 1354 obsistere
1324 1292 1448 1365 eontre3

639 1419 734 1483 quem
754 1418 855 1482 neque
876 1397 951 1469 iuna
971 1398 1064 1466 deum
1085 1420 1144 1466 neo
1164 1398 1295 1467 fulmina
1315 1418 1373 1464 nec
1393 1394 1551 1463 minitanti

640 1530 799 1575 murmure
820 1510 1005 1594 compressit
1024 1509 1155 1591 coelum
1176 1509 1232 1577 sed
1254 1531 1291 1577 eo
1312 1510 1412 1592 magis
1433 1527 1538 1575 ocrem

640 1620 752 1688 inritet
773 1621 870 1687 enimi
890 1621 1046 1702 virtutem,
1067 1618 1230 1703 effringere
1250 1625 1288 1685 ut
1307 1625 1380 1684 erte

640 1735 773 1796 neturee
793 1731 912 1816 primus
933 1738 1096 1816 porterum
1117 1731 1256 1797 eleusim
1276 1730 1406 1814 cupiret
1505 1771 1507 1774 v

641 1971 739 2035 quere
759 1952 869 2038 religio
890 1953 1023 2038 pedibus
1044 1953 1186 2037 subjecte
1205 1953 1341 2020 vicissim

641 2062 803 2148 optentur,
824 2084 882 2130 nos
902 2069 1060 2148 exaequat
1078 2064 1210 2130 victorie
1230 2063 1326 2131 coelo.

437 2170 589 2256 Vulgaree
611 2170 774 2239 hominum
794 2173 835 2241 de
855 2174 916 2242 diis
937 2175 1097 2261 opiniones
1111 2180 1144 2241 et
1157 2181 1322 2258 poetarum
1335 2173 1375 2239 de
1385 2194 1494 2239 eorum
1504 2171 1643 2239 moribus
1662 2169 1815 2254 focusque
1837 2175 2014 2236 commento

282 2280 406 2348 fabulas
426 2288 515 2349 retus
536 2302 647 2349 sueves
668 2282 739 2351 illes
760 2284 887 2368 quidem
908 2285 964 2351 sed
983 2286 1025 2351 eb
1047 2286 1132 2351 omni
1152 2285 1283 2351 ueritate
1303 2285 1528 2352 remotissimos
1547 2282 1677 2353 irridere
1698 2302 1760 2347 non
1781 2280 1911 2351 desinit}
1923 2282 1950 2358 ¹)

640 2392 692 2459 hic
713 2394 810 2479 siquis
831 2417 920 2463 more
939 2395 1120 2480 Neptunum
1143 2395 1348 2479 Cereremque
1369 2416 1480 2463 vocure

641 2507 804 2572 constituit
823 2505 927 2592 fruges
948 2513 982 2573 et
1002 2504 1118 2570 Bocchi
1138 2506 1261 2571 nomine
1283 2504 1371 2573 obuti

642 2615 761 2682 mavolt
781 2637 878 2701 quum
897 2617 1000 2684 leticie
1020 2616 1182 2701 proprium
1202 2614 1344 2700 proferre
1364 2635 1521 2697 vocamen,

644 2723 849 2792 concedamus
870 2732 908 2791 ut
927 2726 978 2791 hic
998 2732 1156 2792 terrerum
1177 2725 1302 2793 dictitet
1322 2726 1432 2793 orbem

642 2855 710 2900 esse
732 2835 825 2903 deum
845 2844 988 2918 matrem,
1011 2846 1086 2905 dnm
1106 2854 1182 2902 vern
1202 2856 1237 2901 re
1257 2842 1364 2903 tamen
1384 2837 1451 2921 ipse

642 2945 790 3030 religione
811 2949 951 3014 enimum
972 2949 1058 3033 turpi
1079 2948 1257 3031 contingere
1277 2954 1398 3032 porcat.

440 3052 553 3136 ltaque
586 3074 639 3120 ecs
671 3058 725 3139 qui
757 3057 866 3124 lovem
903 3060 968 3127 suis
999 3059 1145 3126 manibus
1180 3058 1312 3123 tulmine
1338 3059 1444 3143 jacere
1475 3055 1607 3123 credunt
1636 3058 1824 3140 interroget,
1864 3076 1920 3121 cur
1951 3076 2014 3120 non

285 3162 542 3229 sceleratissimus
564 3165 695 3250 quisque
716 3169 913 3252 potissimum
932 3169 1060 3237 flemme
1080 3171 1185 3236 diviua
1203 3146 1368 3254 percussus
1389 3167 1541 3235 neronam
1561 3170 1660 3236 vitem
1681 3166 1819 3247 exhalet,
1851 3165 1907 3232 sed
1926 3166 2015 3232 in'no·

286 3280 392 3340 centes
413 3274 554 3341 homines
575 3281 608 3343 et
628 3277 743 3345 nullius
764 3279 968 3365 turpitudinis
989 3280 1048 3346 sibi
1069 3280 1184 3347 conscii
1204 3279 1333 3345 fulmine
1353 3280 1409 3345 icti
1428 3279 1516 3349 haud
1543 3299 1617 3347 rom
1646 3278 1925 3360 exanimenturlt)
1959 3298 2016 3342 cur

286 3383 412 3470 Jupiter
431 3405 489 3452 sua
509 3386 606 3471 ipsius
626 3388 747 3473 temple
768 3395 801 3455 et
821 3390 973 3475 imagines
993 3390 1151 3456 interdum
1171 3390 1335 3457 destruat?
1357 3412 1414 3457 our
1434 3391 1613 3477 saepissime
1635 3392 1705 3459 looe
1726 3391 1851 3456 deserte
1872 3394 1905 3454 et
1926 3409 2013 3454 mere

285 3496 506 3581 percutietl¹)
550 3497 611 3576 Qui
631 3520 705 3566 vero
727 3521 765 3566 ex
786 3500 976 3570 immutabili
997 3503 1137 3569 omnium
1156 3523 1262 3568 rerum
1287 3503 1320 3566 in
1342 3508 1456 3569 natura
1476 3503 1584 3570 ordine
1605 3510 1637 3569 et
1656 3500 1795 3587 perfecto
1816 3506 1902 3567 stetu
1923 3521 2013 3565 mnn-

287 3606 362 3671 dum
383 3628 404 3673 e
424 3607 483 3674 deo
506 3615 647 3675 creatum
668 3629 736 3677 esse
759 3611 887 3696 ejusque
904 3613 1101 3698 providentis
1113 3612 1281 3697 gubernari
1298 3614 1495 3695 concludunt
1516 3614 1694 3699 longissime
1713 3635 1734 3679 e
1752 3613 1884 3680 ueritate
1903 3611 2014 3678 abesse

286 3716 432 3789 Lucretio
452 3719 611 3801 videntur,
642 3741 714 3787 oum
736 3722 873 3790 menime
901 3725 935 3790 in
966 3729 1054 3792 terre
1085 3724 1128 3791 eit
1157 3723 1310 3790 melorum
1330 3724 1499 3791 multitudo
1521 3746 1689 3810 earumque
1710 3746 1825 3806 rerum,
1847 3743 1928 3807 quse
1946 3722 2017 3806 jure

285 3826 471 3912 reprehendi
490 3831 666 3915 possiunt)

646 3940 738 4021 Quod
758 3943 785 4009 si
802 3944 870 4028 J'em
891 3965 997 4012 rerum
1016 3945 1156 4029 ignorem
1177 3944 1350 4031 primordie
1371 3968 1452 4031 quoe
1472 3948 1543 4029 rint,

644 4051 705 4123 hoc
725 4058 831 4121 temen
852 4076 892 4121 ex
911 4056 988 4140 ipsis
1010 4054 1088 4123 ooeli
1108 4054 1282 4121 rationibus
1301 4056 1403 4125 susim

644 4163 830 4233 confirmare
851 4165 983 4252 alisque
1003 4189 1042 4234 ex
1062 4167 1156 4234 rebus
1176 4167 1308 4235 reddere
1331 4168 1446 4251 multis,

643 4294 844 4360 nequequam
865 4277 955 4347 nobis
976 4278 1124 4344 divimtus
1144 4299 1213 4344 esse
1234 4286 1374 4345 ereetum

643 4392 789 4451 nnturem
809 4408 931 4457 rerum:
953 4394 1047 4457 tante
1067 4394 1132 4454 stet
1150 4389 1296 4472 praedite
1316 4389 1418 4475 culpe

643 4496 797 4583 principio
818 4505 971 4584 quantum
991 4499 1070 4567 caeli
1090 4500 1170 4583 tegit
1189 4499 1325 4583 impetus
1346 4500 1462 4584 ingens,

444 4736 464 4800 1)
483 4736 516 4796 ll,
534 4737 584 4788 65⁵
602 4751 656 4802 sqq.

440 4822 466 4889 ²)
484 4821 532 4885 VI,
550 4825 600 4874 887
620 4838 674 4889 sqq.

441 4906 517 4973 ¹)lb.
536 4913 596 4963 404.
613 4912 661 4961 417
681 4926 734 4976 sqq.

441 4992 466 5056 ⁴)
483 4993 520 5061 V,
540 4996 587 5048 1θό
606 5010 663 5061 sqq.
