4400 5584
1058 491 1080 570 2

203 689 349 755 carminis
370 688 502 755 artilido
524 690 674 756 sermonis
694 691 798 775 patrii,
819 691 862 757 ad
882 693 1034 777 ejusmodi
1055 714 1134 779 opus
1155 698 1232 759 tunc
1252 691 1540 778 parumidonei1),
1571 691 1762 777 amplissimo
1782 694 1934 763 instruxit

204 804 324 880 ornatu,
345 820 409 865 non
428 801 585 868 immerito
602 801 790 886 judicandus
811 808 860 868 est
879 805 1054 887 praemium
1075 804 1136 871 sibi
1156 802 1303 869 tribuisse
1323 802 1480 871 lauream:
1492 804 1519 887 ²)

559 911 638 978 Auia
658 911 816 978 Pieridum
836 934 970 999 peragro
992 916 1061 982 loca
1082 916 1197 982 nullius
1218 921 1293 982 ante
1369 968 1372 975 ,

560 1023 639 1089 trita
659 1023 733 1089 solo.
753 1023 843 1108 javat
861 1025 999 1110 integros
1020 1027 1170 1094 accedere
1189 1025 1286 1093 fontis

564 1139 659 1218 atque
680 1132 813 1215 haurire,
831 1135 983 1222 juratque
1004 1158 1100 1205 novos
1121 1138 1289 1223 decerpere
1308 1134 1402 1203 fiores

559 1244 772 1330 insignemque
794 1267 863 1312 meo
885 1248 981 1333 capiti
1001 1254 1109 1333 petere
1129 1249 1203 1315 inde
1224 1268 1379 1328 coronam,

560 1355 643 1421 unde
663 1356 752 1442 prius
772 1356 850 1422 nulli
870 1357 1003 1424 velarint
1025 1364 1168 1444 tempora
1188 1378 1306 1429 musae.

354 1465 397 1530 Et
419 1472 467 1532 est
485 1466 519 1531 in
539 1466 700 1535 Romanae
727 1468 832 1552 poesis
855 1469 1008 1536 curriculo
1041 1491 1139 1555 prope
1172 1469 1256 1536 solus
1288 1474 1321 1536 et
1351 1465 1516 1551 singularis
1536 1466 1682 1534 Lucretio
1712 1468 1815 1537 locust
1849 1471 1933 1538 inter

202 1576 376 1660 superiores
397 1576 500 1644 nullus
532 1577 666 1663 exempli
698 1578 824 1660 auctor,
856 1600 895 1645 ex
926 1580 1151 1665 posterioribus
1182 1600 1274 1647 nemo
1305 1577 1371 1644 fere
1403 1577 1457 1663 q'ui
1490 1578 1715 1665 successerit⁸)
1758 1578 1837 1646 Cum
1868 1603 1931 1648 uno

202 1685 391 1771 Empedocle
419 1688 501 1753 mira
533 1687 672 1773 quadam
703 1688 820 1773 ingenii
852 1687 1004 1757 affinitate
1038 1692 1222 1776 conjunctus
1254 1695 1311 1756 est
1353 1688 1446 1754 Hunc
1477 1689 1633 1774 egregium
1664 1695 1796 1771 natnrae
1827 1697 1931 1759 vatem

176 1797 361 1882 exemplar
381 1797 440 1864 sibi
460 1799 633 1884 proposuit,
665 1798 739 1865 huic
758 1800 952 1886 praeclaram
974 1801 1110 1885 gratiam
1137 1799 1246 1866 retulit
1273 1797 1591 1866 honorificentissimis
1624 1798 1763 1868 versibus
1794 1801 1827 1866 iu
1860 1823 1931 1868 enm

202 1912 329 1995 ejusque
349 1909 485 1994 patriam
507 1910 687 1995 scriptia:⁴)
1469 1958 1471 1965 -

556 2041 689 2105 quorum
711 2023 939 2108 Acragantinus
960 2021 1164 2107 cumprimis
1185 2021 1390 2106 Empedocles
1411 2026 1467 2102 est,

556 2131 659 2198 insula
679 2152 772 2214 quem
793 2132 955 2217 triquetris
975 2138 1133 2198 terrarum
1154 2132 1250 2215 gessit
1269 2132 1303 2196 in
1324 2132 1395 2212 oris,

557 2374 638 2437 quae
659 2374 731 2419 cum
751 2374 866 2440 magna
886 2354 987 2422 modis
1008 2354 1116 2420 multis
1138 2352 1282 2419 mnanda
1303 2352 1426 2420 videtur

555 2462 699 2548 gentibus
719 2463 863 2530 humanis
883 2466 968 2549 regio
990 2464 1179 2550 visendaque
1200 2462 1308 2545 fertur,

554 2575 647 2642 rebus
669 2577 774 2662 opima
794 2575 892 2656 bonis,
914 2575 1012 2642 multa
1032 2576 1153 2642 munita
1173 2575 1274 2640 virum
1295 2575 1333 2655 ri,

558 2686 603 2752 nil
624 2693 730 2754 tamen
750 2687 810 2753 hoc
831 2686 976 2753 habuisse
996 2687 1063 2752 viro
1084 2684 1275 2771 praeclarius
1296 2685 1329 2750 in
1351 2707 1384 2751 se

558 2818 616 2864 nec
637 2805 780 2865 sanctum
801 2799 900 2883 magis
922 2803 954 2862 et
974 2798 1087 2862 mirum
1109 2816 1279 2879 caramque
1300 2794 1430 2865 videtur.

557 2908 696 2974 carmina
717 2909 793 2993 quin
813 2908 910 2973 etiarn
931 2906 1026 2972 divini
1046 2906 1183 2992 pectoris
1203 2906 1270 2990 ejus

556 3017 765 3084 vociferantur
785 3024 818 3084 et
838 3023 997 3103 exponunt
1017 3015 1182 3102 praeclara
1202 3023 1336 3102 reperta,

557 3135 594 3194 ut
614 3131 666 3194 vix
686 3129 826 3196 humana
846 3128 989 3195 videatur
1009 3127 1106 3212 stirpe
1129 3132 1263 3196 creatus.

352 3236 419 3302 Iam
442 3259 512 3304 cunr
534 3238 573 3306 de
593 3239 654 3305 hac
674 3261 709 3306 re
730 3241 872 3308 universe
903 3239 980 3307 satis
1001 3243 1141 3319 constet,
1175 3237 1207 3302 in
1228 3236 1351 3302 dicendi
1378 3257 1490 3321 genere
1510 3236 1747 3322 Empedoclem,
1777 3238 1811 3303 in
1837 3236 1930 3303 rebus

200 3347 369 3432 Epicurum
390 3350 556 3433 primarios
577 3351 724 3417 Lucretio
751 3350 846 3419 fuisse
878 3357 1036 3431 auctores,
1067 3348 1252 3434 priusquam
1284 3347 1326 3414 ad
1360 3369 1438 3434 opus
1471 3349 1674 3415 constitutum
1705 3347 1931 3433 aggrediamur,

201 3478 263 3543 quo
283 3465 383 3526 totam
403 3458 576 3526 doctrinam
599 3481 745 3528 enomere
767 3462 894 3547 ejusque
914 3460 1016 3527 fontes
1037 3479 1134 3544 qnam
1165 3458 1399 3525 accuratissime
1429 3458 1578 3544 indagare
1607 3461 1641 3526 in
1672 3459 1776 3524 animo
1798 3464 1858 3539 est,
1891 3457 1930 3523 de

199 3569 348 3655 peculiari
367 3576 480 3656 poetae
502 3571 630 3637 consffio
652 3578 684 3637 et
706 3573 852 3639 carminis
872 3571 977 3639 indole
996 3592 1098 3657 pauca
1119 3568 1277 3655 quaedam
1299 3569 1529 3654 praemittenda
1549 3568 1708 3650 videntur,
1736 3571 1783 3635 ita
1803 3568 1930 3655 quidem

200 3686 238 3745 ut
257 3681 467 3768 compluribus
487 3681 564 3748 locis
585 3684 779 3767 gravioribus
800 3684 952 3770 appositis
972 3683 1065 3767 quasi
1091 3682 1259 3766 imaginem
1281 3680 1586 3746 Lucretianaeartis
1614 3685 1647 3745 et
1677 3681 1792 3765 ingenii
1821 3680 1932 3747 lectori

200 3813 263 3858 uno
284 3792 445 3859 oculorum
465 3792 578 3860 obtutu
600 3795 852 3879 conspiciendam
871 3786 1093 3880 proponamus.
1105 3793 1135 3872 ⁶)

353 3901 522 3970 Consilium
542 3905 639 3989 igitur
658 3905 795 3972 Lucretii
817 3911 878 3987 est,
907 3926 982 3971 vera
1001 3909 1134 3969 naturae
1157 3902 1331 3987 cognitione
1359 3923 1512 3968 summam
1538 3901 1635 3967 animi
1662 3902 1931 3988 tranquillitatem,

200 4035 294 4098 quem
314 4035 412 4079 unum
432 4020 538 4081 censet
557 4013 714 4082 felicitatis
734 4015 861 4098 fontem,
882 4014 1059 4082 hominibus
1075 4012 1196 4080 afferre.
1228 4011 1466 4098 Quodquoniam
1487 4013 1567 4081 duae
1588 4036 1639 4080 res
1659 4014 1811 4100 imprimis
1832 4012 1930 4077 horni-

199 4146 255 4191 nes
276 4124 446 4191 sollicitant
467 4131 501 4190 et
520 4126 723 4208 conturbant,
757 4127 851 4193 timor
872 4126 1003 4194 deorum
1025 4118 1128 4215 inanis
1151 4132 1184 4193 et
1204 4125 1314 4192 mortis
1334 4132 1444 4207 metus,
1465 4125 1523 4191 has
1544 4125 1624 4192 duas
1644 4127 1819 4191 animorum
1841 4121 1930 4207 quasi

199 4240 305 4321 pestes
336 4241 369 4302 et
400 4257 511 4302 cruces
540 4237 695 4322 expellere
727 4244 865 4304 conatur.
909 4236 1013 4316 Quare
1048 4236 1178 4303 summis
1211 4234 1302 4301 effert
1332 4234 1479 4303 laudibus
1509 4237 1692 4322 Epicurum,
1725 4233 1780 4317 qui
1810 4233 1930 4317 primns

200 4346 343 4414 omnibus
353 4345 552 4432 religionibus
565 4347 705 4415 funditus
719 4350 833 4416 eversis
846 4347 934 4413 vanis
950 4347 1208 4433 superstitionum
1219 4345 1392 4412 terroribus
1402 4345 1563 4412 hominum
1574 4351 1693 4413 mentes
1703 4342 1929 4422 liberaverint

355 4538 377 4603 ¹)
394 4537 416 4597 1,
436 4540 484 4588 140
500 4545 605 4604 propter
622 4544 761 4602 egestatem
777 4536 887 4600 llnguaa.
913 4536 935 4597 1,
954 4539 1011 4591 631.
1046 4537 1095 4597 Ἦ,
1114 4538 1163 4587 261
1182 4537 1257 4603 patrii
1274 4536 1396 4587 ammonis
1415 4542 1524 4600 egestas.

409 4621 436 4671 V
545 4660 552 4673 .

351 4623 378 4773 ³⁷}
393 4624 560 4758 bdidabqiiqlo
577 4707 708 4760 imitatore
728 4707 760 4760 οἱ
776 4708 928 4774 Bernhardy
944 4709 962 4762 l.
978 4708 996 4762 l.
1013 4724 1038 4773 p.
1057 4711 1120 4763 452.

352 4792 377 4852 ⁴)
393 4791 418 4854 1,
435 4794 486 4843 716
503 4807 541 4858 sq.
558 4794 608 4845 726
625 4809 681 4860 sqq.

352 4875 377 4942 ⁵)
395 4874 436 4929 ct
453 4876 537 4928 Bitter
553 4876 645 4931 Gesch.
665 4879 690 4931 d.
708 4879 774 4932 Phil.
791 4878 841 4945 Ν,
858 4896 885 4946 p.
904 4882 936 4932 89
954 4894 1008 4944 sqq.

353 4960 416 5027 ⁶)1,
434 4963 467 5013 ⁶2
484 4977 540 5028 ura·
574 4965 607 5014 ⁷⁸
626 4978 682 5028 uu·
