4400 5584
1084 533 1132 615 29

326 739 435 829 πάντῃ.
478 738 571 824 Apud
603 736 825 824 Empedoclem
852 743 962 815 Νεῖκος
992 743 1124 805 vocatur
1155 738 1330 805 ἀτάλαντον
1359 734 1481 823 ἁπάντῃ
1513 738 1534 806 i
1567 757 1593 804 e.
1625 736 1764 822 undique
1796 737 1980 823 aequalibus

325 850 517 939 ponderibus
529 850 686 917 libratum
707 872 732 918 s
754 849 839 916 omni
858 869 897 915 ex
917 854 1008 933 parte
1029 848 1169 934 aequale,
1200 847 1308 915 eadem
1329 851 1457 916 notione
1477 870 1541 934 qna
1566 851 1656 915 Φιλίο
1678 849 1793 915 dicitur
1813 849 1863 935 ἴση
1883 849 1982 935 μῆκός

326 987 359 1028 τι
379 944 557 1040 πλάτοξτο.
600 960 762 1028 Pertinent
784 962 862 1028 haec
882 959 1037 1027 attributa
1062 960 1105 1026 ad
1133 960 1217 1045 globi
1242 959 1384 1044 figuram,
1427 959 1590 1027 Platonem
1624 967 1656 1027 et
1677 960 1877 1028 Aristotelem
1910 962 1982 1027 uni·

327 1095 416 1141 verso
436 1073 589 1160 sphaerae
608 1073 741 1159 liguram
772 1072 919 1139 tribuisse
961 1070 1056 1158 (iim
1081 1092 1114 1156 p.
1136 1071 1215 1138 331).
1257 1072 1386 1139 aristot
1414 1071 1454 1138 de
1481 1073 1557 1140 coel
1579 1071 1624 1152 Π,
1657 1073 1688 1151 4)
1721 1096 1784 1141 non
1815 1081 1864 1142 est
1895 1073 1981 1160 quod

326 1205 479 1254 moneam
523 1183 609 1262 Quos
639 1184 739 1251 secuti
759 1182 855 1250 Stoici
884 1180 1054 1249 seeundum
1083 1181 1172 1265 Diog.
1194 1182 1231 1251 L.
1250 1181 1319 1262 VII,
1342 1180 1404 1248 140
1435 1180 1583 1247 dicebant
1614 1184 1668 1247 aa
1688 1180 1744 1246 uir
1765 1183 1884 1265 κόσμον
1906 1180 1979 1249 εἶναι
2052 1267 2056 1273 ¹

327 1300 377 1362 xci
395 1299 505 1360 τοῦτον
533 1296 775 1378 πεπερασμένον,
808 1298 915 1379 σχῆμα
934 1291 1046 1374 ἔχοντα
1077 1294 1276 1377 σφαιροειδές.
1319 1292 1407 1371 Quae
1437 1295 1593 1359 sententia
1625 1315 1721 1379 quam
1753 1296 1855 1379 gravis
1886 1294 1982 1360 inerit

244 1454 247 1461 ·
329 1406 441 1473 Stoicis
461 1406 539 1472 satis
569 1405 754 1490 intelligitur
774 1426 813 1471 ex
834 1403 984 1470 Cicerone
1004 1403 1045 1469 de
1072 1408 1139 1473 nat.
1160 1401 1190 1473 d
1213 1402 1253 1483 11,
1285 1404 1337 1471 45.
1381 1404 1498 1471 Omnes
1529 1411 1637 1490 partes
1669 1406 1736 1490 ejus
1769 1407 1826 1490 (sc.
1858 1404 1980 1485 mundi)

328 1518 466 1603 undique
487 1516 625 1582 medium
645 1514 748 1581 locum
771 1520 968 1600 capessentes
988 1514 1134 1580 nituntur
1154 1515 1335 1598 aequaliter.
1379 1515 1516 1582 Maxime
1544 1523 1650 1582 autem
1683 1536 1815 1601 corpora
1844 1516 1927 1581 inter
1947 1536 1997 1601 se,

324 1629 436 1713 juncta
457 1633 650 1712 permanent
671 1646 749 1691 cum
762 1626 900 1710 quodam
921 1626 1010 1709 quasi
1032 1626 1360 1693 vincnlocircumdatc
1372 1627 1573 1711 colligantur:
1594 1625 1680 1711 (jod
1700 1624 1779 1692 facit
1799 1645 1838 1691 ea
1858 1630 1984 1704 natura,

329 1759 411 1823 quse
430 1759 489 1823 per
510 1757 634 1803 omnem
654 1730 807 1801 mundum
829 1737 935 1801 omnia
956 1742 1061 1802 mente
1083 1743 1116 1803 et
1136 1739 1258 1803 ratione
1279 1736 1445 1803 conficiens
1465 1736 1608 1804 funditur
1629 1736 1724 1803 etad
1738 1735 1877 1802 medium
1898 1734 1982 1819 rapit

329 1855 362 1915 et
383 1848 537 1914 convertit
558 1852 706 1913 extrema
751 1844 904 1924 Quocirca
925 1846 952 1910 si
974 1846 1109 1913 mundus
1129 1847 1274 1933 globosus
1304 1854 1367 1929 est,
1402 1846 1442 1914 ob
1464 1866 1597 1931 eamque
1618 1866 1745 1911 causam
1777 1866 1885 1911 omncs
1915 1845 1983 1929 ejus

328 1965 436 2045 partes
456 1958 595 2043 undique
616 1956 796 2042 aequabiles
815 1959 903 2043 ipsae
923 1980 981 2043 per
1002 1981 1035 2025 se
1057 1968 1154 2046 atque
1174 1962 1257 2026 inter
1277 1979 1311 2024 se
1332 1957 1550 2025 continentur:
1572 1957 1751 2040 contingere
1771 1956 1856 2021 idem
1876 1960 1983 2022 terrae

329 2091 456 2137 necesse
477 2077 534 2145 est,
555 2075 592 2136 ut
613 2069 757 2135 omnibns
779 2070 845 2155 ejus
864 2069 1009 2154 partibus
1029 2070 1063 2134 in
1084 2070 1222 2136 medium
1242 2068 1442 2153 vergentibus
1473 2067 1520 2146 (id
1547 2073 1654 2133 autem
1681 2066 1819 2132 medium
1839 2065 1982 2132 intimum

329 2184 363 2247 in
383 2181 517 2266 sphaera
539 2182 600 2268 est)
622 2181 700 2247 nihil
720 2182 938 2267 interrumpat
961 2203 1024 2266 quo
1045 2179 1232 2248 labefactari
1252 2180 1352 2264 possit
1372 2184 1465 2243 tanta
1486 2178 1644 2243 contentio
1666 2176 1829 2261 gravitatis
1850 2182 1883 2243 et
1903 2197 1983 2261 pon·

328 2293 447 2360 derum.
477 2329 520 2342 -
555 2291 646 2358 Hane
676 2292 852 2359 Stoicorum
883 2293 1070 2360 sententiam
1101 2294 1286 2377 impugnant
1317 2289 1471 2374 Epicurus
1503 2290 1609 2372 (quem
1639 2286 1739 2353 fusius
1762 2285 1847 2351 hunc
1877 2284 1983 2350 locum

330 2408 482 2468 tractasse
503 2401 631 2486 colligas
652 2424 691 2468 ex
712 2402 801 2486 Diog.
822 2403 857 2472 L.
880 2403 918 2484 Χ,
940 2403 997 2491 60)
1019 2409 1052 2469 et
1072 2402 1245 2481 Lucretius,
1277 2400 1376 2466 secuti
1398 2400 1621 2478 Democritum,
1642 2399 1698 2483 qui
1718 2398 1838 2482 primus
1858 2397 1891 2462 in
1912 2394 1982 2460 infi-

330 2514 398 2580 nito
417 2513 503 2579 inani
524 2513 602 2578 nibil
622 2536 681 2580 nec
702 2535 866 2593 summum,
886 2535 987 2598 neque
1008 2512 1164 2592 infimum,
1184 2532 1243 2577 nec
1262 2508 1407 2592 medium,
1437 2530 1539 2594 neque
1560 2508 1714 2590 ult-imum,
1746 2528 1848 2592 neque
1879 2512 1982 2572 extre·

329 2647 418 2699 mum
439 2646 507 2691 esse
529 2626 657 2690 censuit
702 2624 764 2693 Cic.
787 2626 827 2691 de
848 2623 901 2692 fin.
920 2625 945 2706 I,
967 2628 996 2692 6.

400 2734 451 2823 (d)
473 2736 593 2801 Contra
611 2735 741 2804 Aristot.
773 2734 813 2802 de
845 2735 920 2805 coel
941 2735 994 2815 IV,
1027 2737 1057 2802 5.
1105 2731 1151 2798 Τό
1173 2735 1229 2815 μὲν
1250 2724 1305 2799 οὖν
1327 2732 1399 2816 ἕχον
1425 2732 1568 2818 τοιαύτην
1599 2730 1674 2817 ὕλην
1706 2736 1824 2817 κοῦφον
1855 2731 1904 2793 καὶ
1935 2729 1983 2793 o’sl

333 2842 411 2929 ἅνω,
431 2842 467 2909 τό
489 2846 524 2911 δὲ
541 2845 599 2929 τήν
619 2845 756 2910 ἐναντίαν
776 2843 859 2928 βοροὶ
880 2846 930 2908 καὶ
952 2845 999 2910 det
1020 2842 1117 2910 κάτω·
1138 2894 1148 2914 .
1170 2901 1178 2917 .
1199 2898 1208 2915 .
1228 2898 1237 2915 .
1259 2846 1376 2931 ἀνάγκη
1408 2848 1518 2925 τοίνυν,
1552 2842 1654 2928 ὥσπερ
1687 2845 1738 2907 καὶ
1765 2839 1801 2907 τὰ
1824 2843 1883 2923 πῦρ
1916 2838 1982 2903 ὄνον

333 2956 503 3026 ....καὶ
525 2956 581 3039 τήν
601 2961 658 3039 γῆν
679 2954 763 3019 κάτω
785 3007 793 3023 .
816 3007 824 3022 .
847 3006 855 3023 .
875 2956 924 3017 καὶ
945 2951 1001 3017 τὸν
1022 2951 1098 3039 olipa
1120 3005 1129 3022 .
1152 3006 1160 3022 .
1183 2955 1336 3039 ἀνώτερον
1357 2958 1415 3020 τοῦ
1434 2952 1546 3032 ὕδατος
1567 3002 1575 3018 .
1597 3003 1634 3023 ..
1663 2957 1713 3018 καὶ
1733 2950 1769 3018 τὰ
1792 2949 1876 3033 ὕδωρ
1897 2948 1989 3014 xoium<

333 3071 366 3131 et
386 3066 442 3149 qui
462 3085 534 3129 eum
555 3069 729 3147 sequuntur
751 3061 880 3131 Stoicos.
904 3060 967 3129 Cic.
982 3062 1029 3135 ‚de
1048 3073 1114 3131 nat
1137 3064 1166 3135 d.
1188 3063 1228 3145 IL
1249 3063 1301 3131 45.

401 3175 477 3261 (lap.
509 3174 563 3246 VI.
606 3174 760 3241 Gontinm
793 3176 910 3241 moveri
941 3174 1114 3259 primordia
1144 3173 1216 3239 inde
1248 3181 1395 3258 apparet,
1429 3171 1515 3257 quod
1545 3191 1798 3255 unamquamque
1830 3189 1897 3235 rem
1928 3173 1994 3235 aut

247 3306 387 3352 crescere
407 3292 465 3351 aut
485 3285 584 3350 minui
604 3286 752 3366 videmus,
784 3306 907 3351 summa
928 3306 1033 3350 rerum
1054 3284 1217 3364 ineolumi3
1248 3285 1303 3350 ubi
1325 3286 1407 3349 enim
1439 3283 1594 3368 quaedam
1625 3283 1777 3347 materiae
1808 3278 1984 3365 particulae

247 3396 395 3463 advolant
416 3403 449 3463 et
469 3395 651 3477 adhaerent,
670 3417 721 3461 res
742 3401 893 3479 augetur,
923 3394 979 3460 nbi
1000 3416 1083 3461 nexu
1104 3395 1225 3461 solutae
1245 3395 1380 3477 avolant,
1411 3396 1570 3465 minuitur.
1614 3392 1790 3458 Primordia
1821 3412 1894 3457 vero
1927 3390 1983 3456 ad·

247 3505 531 3573 volareetarolare
551 3526 643 3591 posse
664 3506 830 3571 dnemotu
845 3504 1018 3571 absurdum
1040 3513 1096 3572 cst.
1140 3506 1272 3573 Motus
1293 3508 1376 3573 tria
1397 3511 1490 3573 sunt
1512 3523 1675 3590 genera:
1703 3505 1823 3589 primus
1845 3505 1983 3569 omnium

247 3616 421 3701 ponderum
441 3617 595 3702 proprius,
617 3616 672 3700 qui
693 3622 741 3682 est
762 3615 804 3680 ad
824 3615 1082 3700 perpendiculmn
1105 3616 1250 3683 deorsum
1272 3624 1336 3699 (a),
1369 3617 1451 3682 alter
1481 3616 1519 3683 fit
1549 3638 1607 3701 per
1638 3616 1737 3681 ictum
1764 3617 1829 3682 sive
1858 3613 1983 3699 plagam

247 3733 437 3811 vocaturque
458 3735 562 3794 motus
584 3749 723 3807 sursum,
750 3733 883 3811 uterque
916 3748 1022 3792 rerum
1036 3728 1236 3810 generationi
1268 3734 1301 3794 et
1330 3727 1513 3794 resolutioni
1543 3727 1745 3793 necessarius.
1789 3726 1869 3793 Gum
1900 3725 1983 3792 enim

238 3837 348 3905 ‘solida
367 3839 487 3903 semina
507 3838 653 3905 deorsum
672 3837 835 3904 tendentia
855 3839 889 3903 in
910 3837 974 3903 alia
987 3858 1121 3922 corpora
1141 3840 1290 3923 incidunt
1311 3842 1452 3907 resiliant
1462 3860 1588 3906 necesse
1609 3846 1671 3905 est:
1695 3859 1740 3917 ea
1762 3858 1843 3923 quae
1864 3836 1983 3921 exiguis

246 3947 419 4016 intervallis
442 3968 582 4014 connexa
603 3955 634 4014 et
655 3948 718 4014 suis
738 3949 895 4033 perplexis
916 3946 1026 4031 figuris
1039 3949 1190 4033 impedita
1203 3952 1366 4030 resultant,
1388 3972 1473 4031 saxa
1492 3950 1617 4030 ferrum
1641 3955 1746 4015 cetera
1755 3949 1848 4035 hujus
1862 3947 1984 4032 generis

247 4063 455 4142 constituunt3
476 4081 516 4125 ex
534 4060 581 4139 iis,
602 4080 683 4144 quae
704 4060 874 4145 majoribus
893 4058 1065 4125 intervallis
1085 4061 1227 4128 resiliunt
1248 4068 1281 4129 et
1301 4063 1422 4147 longius
1441 4068 1603 4147 vagantum,
1625 4065 1688 4142 adr,
1710 4061 1797 4144 ignis,
1819 4065 1996 4143 ceteraque·

247 4175 370 4242 rariora
391 4192 523 4257 corpora
543 4170 623 4236 fiunt
642 4170 701 4255 (b).
743 4170 873 4237 Praeter
894 4171 972 4237 haec
992 4173 1173 4257 primordia,
1195 4194 1276 4259 qnae
1296 4175 1345 4241 vel
1366 4174 1487 4258 magnis
1508 4173 1558 4239 vel
1579 4173 1697 4255 exiguis
1718 4169 1889 4237 intervallis
1910 4189 1984 4233 con·

245 4289 426 4373 junguntur,
455 4288 529 4348 sunt
548 4281 626 4361 alia,
659 4304 740 4366 quae
761 4283 900 4349 nondum
921 4286 1068 4369 congredi
1089 4307 1199 4370 neque.
1223 4287 1365 4352 connecti
1395 4290 1573 4371 potuerunt
1609 4285 1697 4368 cujus
1728 4283 1774 4347 rei
1806 4277 1982 4364 exemplum

248 4397 401 4483 praebent
421 4399 572 4473 ramenta
594 4412 676 4476 quae
697 4400 866 4459 cernuntur
893 4395 926 4459 in
948 4394 1045 4461 radda
1074 4396 1148 4463 solis
1168 4418 1225 4482 per
1257 4397 1410 4463 fenestras
1441 4394 1676 4462 transeuntibus
1710 4400 1753 4476 (c)
1796 4391 1883 4457 Haec
1914 4391 1984 4475 ipsa

250 4515 355 4575 autem
377 4490 562 4591 corpuscula
592 4503 626 4567 in
657 4502 731 4568 solis
751 4502 848 4569 radiis
872 4505 994 4588 jactata
1026 4527 1097 4572 oum
1119 4508 1246 4575 diversm
1268 4508 1368 4575 modis
1400 4508 1513 4593 agitari
1545 4514 1641 4591 atque
1672 4506 1706 4571 in
1737 4526 1844 4570 omnes
1876 4508 1982 4588 partes

248 4619 365 4686 moveri
385 4617 553 4696 videamus,
573 4613 736 4679 fatendum
757 4620 806 4681 est
826 4615 979 4697 quosdam
1001 4615 1129 4685 subesse
1148 4620 1301 4685 seminum
1321 4625 1434 4699 motus,
1456 4618 1531 4684 licet
1551 4617 1649 4683 oeulis
1663 4617 1750 4682 cerni
1770 4636 1833 4680 non
1853 4614 1983 4700 possint,

249 4730 304 4813 qui
324 4728 402 4794 haec
421 4732 565 4794 ramenta
585 4733 765 4802 exerceant3
787 4746 882 4793 causa
903 4730 985 4793 enim
1005 4731 1157 4815 primaria
1178 4732 1278 4797 omnis
1292 4736 1404 4811 motus,
1425 4732 1602 4815 quicunque
1622 4731 1655 4795 in
1676 4728 1771 4796 rebus
1792 4727 1996 4807 observatur‚.

248 4841 282 4905 in
302 4839 378 4924 ipsis
399 4838 567 4905 seminibus
588 4845 637 4904 est
658 4838 718 4925 (d).
760 4839 808 4905 De
829 4841 989 4908 celeritate
1009 4847 1115 4908 motus
1136 4841 1308 4925 primorum
1328 4862 1493 4926 corporum
1506 4840 1616 4926 conjici
1636 4839 1718 4921 licet,
1739 4840 1890 4924 majorem
1913 4858 1991 4903 eam

248 4972 316 5020 osse
336 4969 430 5034 qnam
452 4947 526 5015 solis
546 4949 624 5016 lucis
644 4940 851 5019 mobilitatem
872 4952 1012 5019 omnium
1033 4972 1140 5019 rerum
1161 4972 1239 5036 quas
1259 4951 1400 5019 novimus
1432 4953 1624 5018 celerrimae
1669 4934 1762 5017 Lucis
1795 4950 1878 5016 enim
1909 4969 1999 5035 par·

1582 5061 1628 5127 4*
