4400 5584
1036 484 1084 571 22

270 696 350 761 tium
371 692 465 760 rebus
486 694 646 778 gignendis
667 694 770 760 minus
792 700 869 780 apta
889 716 957 761 esse
978 692 1081 760 dicere
1104 701 1206 779 putat.
1249 692 1311 760 Sed
1332 696 1388 779 qui
1401 695 1566 761 Lueretius
1587 712 1627 761 ea
1649 693 1744 761 rebus
1765 695 1927 780 gignendis

272 809 375 872 minus
396 813 475 891 apta
496 826 563 870 esse
584 804 688 870 dicere
709 806 833 891 poterit,
856 824 928 870 cum
948 826 988 870 ne
1009 826 1077 872 esse
1092 804 1226 890 ¹quidem
1248 802 1400 889 ejusmodi
1421 826 1554 890 corpora
1576 807 1722 889 cuiquam
1744 806 1777 871 in
1791 811 1927 872 mentem
1977 842 1984 856 ·

272 917 392 983 uenerit
412 916 461 981 vel
480 915 586 981 'venire
606 916 706 1000 possit
727 916 794 980 sine
815 916 1043 1001 repugnantia?
1087 915 1207 980 Deinde
1234 917 1410 983 eLucretii
1439 917 1594 983 sententia
1615 918 1804 982 creationem
1833 923 1927 1002 putat

273 1049 345 1093 vere
365 1026 433 1091 fieri
455 1047 472 1091 e
493 1026 675 1110 corporibus
697 1026 913 1110 grandioribus
934 1025 995 1091 illis
1017 1026 1152 1109 quidem,
1173 1027 1228 1092 sed
1250 1049 1331 1111 quae
1353 1050 1391 1094 ex
1410 1030 1545 1094 minimis
1564 1026 1744 1112 primordiis
1765 1048 1929 1111 coagmen·

273 1145 380 1205 tentur
401 1144 497 1221 atque
518 1138 550 1202 iu
573 1138 684 1203 eadem
706 1138 817 1202 resolvi
838 1138 967 1221 possint.
1010 1136 1103 1214 Quod
1124 1138 1184 1203 hoc
1205 1138 1274 1203 loco
1304 1139 1394 1219 dicit,
1428 1141 1619 1208 creationem
1650 1160 1668 1204 e
1691 1139 1829 1205 Lucretii
1860 1160 1929 1205 seu·

273 1252 373 1316 tentia
404 1247 473 1313 fieri
494 1270 511 1312 e
534 1228 724 1332 corporibus
738 1247 955 1332 grandioribus
976 1246 1037 1313 illis
1060 1248 1200 1331 quidem,
1233 1248 1287 1314 sed
1310 1272 1390 1333 quae
1413 1272 1452 1316 ex
1473 1251 1609 1315 minimis
1637 1250 1815 1335 primordiis
1838 1270 1930 1334 coag-

275 1365 471 1442 mententur,
499 1359 559 1424 hoc
581 1360 715 1425 sirecte
737 1360 756 1426 i.
779 1368 805 1426 b.
836 1358 875 1424 de
907 1362 1021 1426 atomis
1054 1360 1256 1444 intelligatur,
1288 1360 1362 1427 ferri
1394 1362 1531 1446 quodam
1563 1361 1656 1426 modo
1687 1362 1800 1445 possit;
1832 1360 1930 1426 atomi

274 1473 357 1536 euim
380 1492 451 1535 cum
471 1470 615 1555 partibus
637 1471 701 1535 suis
723 1478 926 1553 comparatae
959 1493 1031 1536 vere
1058 1492 1190 1555 corpora
1223 1472 1392 1555 grandiora
1413 1473 1475 1537 dici
1507 1474 1629 1557 possint
1649 1493 1749 1556 exque
1781 1473 1929 1549 minimis,

274 1602 337 1645 non
358 1581 484 1664 quidem
506 1578 694 1665 primordiis,
717 1582 770 1646 sed
793 1589 900 1647 tamen
922 1584 1064 1666 partibus
1093 1586 1277 1650 constantia.
1321 1583 1382 1649 Sed
1404 1585 1471 1669 ipse
1492 1582 1714 1675 Wakefieldius
1735 1584 1781 1648 ita
1800 1583 1930 1666 intelligi

275 1692 391 1771 noluit;
424 1691 546 1757 addidit
569 1693 648 1757 enim
680 1714 718 1756 ea
740 1714 872 1776 corpora
893 1694 1061 1776 grandiora
1083 1717 1146 1760 non
1167 1701 1292 1761 tantum
1314 1717 1353 1759 ox
1374 1696 1510 1760 minimis
1541 1694 1719 1779 primordiis
1755 1694 1850 1780 (quae
1883 1700 1931 1759 est

276 1804 495 1892 contradictio)
519 1806 745 1886 coagmentari,
778 1805 833 1870 sed
864 1807 897 1869 in
919 1805 1029 1869 eadem
1061 1806 1157 1870 etiam
1189 1806 1309 1885 resolvi,
1340 1806 1371 1870 id
1405 1807 1489 1890 quod
1521 1807 1554 1870 in
1587 1813 1710 1872 atomos
1742 1828 1805 1872 non
1835 1805 1932 1871 eadit.

276 1914 394 1992 Quodsi
414 1916 510 1998 igitur
530 1915 585 1980 illa
606 1935 746 2000 corpora,
769 1916 919 2000 equibus
941 1912 1166 1982 Wakefieldius
1187 1917 1375 1982 creationem
1397 1915 1464 1982 fieri
1486 1924 1593 2001 putat,
1616 1939 1717 2001 neque
1738 1923 1812 1983 sunt
1832 1918 1930 1982 atomi

275 2048 376 2109 neque
398 2046 530 2111 corpora
552 2027 688 2107 minima,
711 2026 785 2110 quid
807 2026 934 2090 tandem
956 2028 1051 2091 sunt?
1094 2026 1205 2090 Nonne
1236 2032 1308 2090 sunt
1330 2026 1422 2110 plane
1454 2047 1536 2091 nova
1566 2047 1624 2106 res,
1658 2026 1698 2090 de
1730 2049 1794 2111 qua
1825 2047 1927 2110 neque

275 2135 473 2219 Democritus
493 2156 595 2221 neque
617 2136 770 2221 Epicurus
791 2157 891 2220 neque
912 2137 979 2221 ipse
990 2137 1168 2218 Lucretius,
1201 2137 1250 2202 vel
1272 2137 1368 2221 siquis
1389 2138 1469 2203 alius
1490 2138 1704 2223 philosophiae
1735 2139 1931 2204 atomistieae

276 2254 426 2333 patronus
448 2255 510 2327 est,
543 2248 632 2313 nobis
654 2247 825 2331 quidquam
845 2246 994 2329 reliquit?
1036 2244 1135 2312 Estne
1167 2254 1273 2311 autem
1305 2247 1471 2312 verisimile
1493 2248 1532 2311 de
1553 2268 1589 2312 re
1609 2249 1691 2313 tanti
1712 2248 1870 2326 momenti,
1902 2247 1930 2312 si

277 2359 403 2443 quidem
425 2380 499 2423 vera
520 2359 569 2439 sit,
589 2358 709 2423 nullum
730 2376 864 2442 usquam
886 2358 1050 2440 uestigium
1070 2360 1255 2423 remanere?
1299 2357 1403 2435 Quare
1424 2380 1516 2424 nemo
1539 2360 1711 2439 dubitabit,
1745 2361 1820 2443 quin
1851 2359 1929 2424 haec

277 2477 348 2536 tota
368 2469 512 2534 doctrina
534 2468 573 2534 de
595 2469 777 2553 corporibus
800 2469 1025 2553 grandioribus,
1048 2491 1065 2533 e
1087 2469 1200 2552 quihus
1222 2471 1339 2534 creatio
1358 2467 1422 2551 fiat,
1445 2492 1587 2555 quaeque
1599 2492 1637 2536 ex
1652 2471 1765 2536 atomis
1787 2476 1930 2536 constent

277 2581 310 2645 in
332 2599 447 2663 easque
468 2579 678 2660 resolvantur,
700 2600 787 2643 mera
809 2580 849 2644 sit
870 2578 954 2643 fictio
976 2578 1173 2644 Wakefieldii
1205 2579 1266 2645 loci
1293 2581 1447 2647 rationem
1478 2603 1542 2646 non
1572 2583 1796 2666 perspicientis.
1839 2581 1930 2659 Quod

280 2696 383 2756 autem
406 2697 564 2775 postremo
586 2692 691 2775 posuit
711 2691 933 2757 Wakefieldius
956 2697 988 2756 et
1009 2690 1105 2756 allato
1127 2691 1195 2755 loeo
1217 2690 1261 2772 II,
1283 2691 1346 2757 495
1370 2691 1555 2759 confirmare
1577 2700 1707 2759 conatus
1729 2700 1784 2773 est,
1816 2693 1866 2758 vel
1897 2692 1930 2758 id

280 2802 405 2867 obstare
427 2824 445 2866 e
466 2801 604 2866 Lucretii
625 2803 787 2882 sententia,
810 2804 974 2886 quominus
997 2823 1129 2886 corpora
1149 2800 1205 2866 illa
1226 2803 1508 2885 grandioraesseut
1527 2803 1694 2883 individua,
1717 2804 1801 2887 quod
1814 2802 1930 2888 figuras

282 2918 462 3000 omnigenas
483 2914 644 2996 haberent,
667 2935 706 2979 ue
727 2915 787 2980 hoc
809 2914 934 2998 quidem
956 2935 1063 2977 verum
1087 2919 1143 2993 est,
1165 2935 1238 2978 narn
1260 2915 1343 2998 quod
1366 2914 1405 2994 ll,
1427 2915 1490 2981 495
1514 2916 1608 2983 dicit:

553 3028 636 3111 Ergo
658 3026 770 3091 formai
790 3026 960 3091 novitatem
983 3026 1121 3108 corporis
1143 3045 1276 3107 augmen

553 3138 767 3221 Subsequitur,

283 3251 343 3316 hoc
365 3271 426 3316 non
448 3250 532 3330 dicit,
556 3250 640 3333 quod
661 3249 713 3314 ille
734 3248 809 3330 vult,
830 3248 1002 3313 formarum
1023 3248 1210 3313 variantiam
1232 3268 1269 3313 ae
1290 3247 1522 3313 multitudinem
1537 3271 1554 3313 e
1569 3249 1787 3333 magnitudine
1808 3256 1931 3315 atomo-

279 3382 351 3427 rum
374 3360 509 3445 pendere
531 3360 586 3424 sed
607 3367 785 3425 atomorum
807 3358 1052 3440 magnitudinem
1075 3380 1092 3422 e
1113 3357 1287 3423 formarum
1308 3359 1465 3424 variarum
1480 3380 1608 3424 numero
1629 3359 1779 3443 pendere3
1802 3361 1932 3444 cogitari

283 3473 366 3539 enim
387 3479 499 3558 potest,
522 3491 617 3555 quam
639 3471 733 3536 etiam
755 3491 827 3535 vere
849 3470 978 3554 Epicuri
1006 3476 1039 3534 et
1059 3469 1197 3535 Lucretii
1218 3473 1405 3537 sententiam
1427 3472 1522 3535 luisse
1555 3493 1572 3535 e
1604 3494 1651 3537 vv.
1673 3473 1736 3536 522
1769 3492 1837 3555 sqq.
1870 3471 1932 3537 dis-

283 3585 389 3664 cimus,
411 3584 561 3667 plurimas
583 3580 722 3666 ejusdem
743 3579 861 3645 formae
883 3586 1004 3644 atomos
1027 3600 1110 3657 esse,
1143 3587 1180 3645 ut
1211 3580 1289 3645 nihil
1322 3582 1455 3659 omnino,
1489 3587 1626 3664 quantae
1658 3581 1721 3645 sint
1752 3580 1857 3661 atomi,
1889 3578 1931 3645 ad

281 3694 453 3760 formarum
474 3692 661 3758 variantium
682 3712 720 3756 ac
741 3689 971 3756 multitudinem
992 3690 1124 3757 intersit.

352 3805 440 3869 Haec
462 3805 501 3869 de
522 3801 717 3868 Wakefieldii
738 3800 944 3885 explicatione
964 3798 1129 3870 sufficiant.
1159 3800 1206 3864 De
1227 3800 1397 3884 Forbigero
1419 3806 1541 3881 autem,
1563 3821 1633 3864 cum
1656 3806 1780 3865 tantum
1800 3807 1931 3885 repetat,

285 3939 366 4001 qnae
386 3914 609 3981 Wakefieldius
631 3913 761 3992 dixerat,
783 3933 846 3977 non
869 3932 947 3996 opus
968 3917 1016 3976 es't
1036 3909 1129 3996 plura
1149 3912 1293 3995 adjicere.

352 4025 545 4091 Lachmanni
565 4023 605 4088 ad
627 4022 710 4086 hunc
730 4021 834 4085 locum
855 4020 952 4085 verba
973 4020 1051 4086 haec
1072 4028 1161 4089 sunt:

353 4138 451 4219 „Vere
472 4136 643 4201 Lambinus
665 4134 706 4197 ni
725 4135 905 4199 minimas
927 4140 959 4199 et
981 4155 1077 4217 quae
1098 4133 1238 4198 multis
1260 4137 1352 4195 sunt
1372 4130 1558 4215 partibus
1579 4138 1709 4198 aucta.
1751 4131 1838 4211 Inll,
1853 4130 1932 4196 498:

285 4247 333 4312 Ne
355 4248 510 4331 quaedam
534 4246 666 4325 (semina
687 4244 775 4329 dicit)
807 4265 899 4328 cogas
928 4245 1058 4310 immani
1078 4245 1274 4312 maximitate
1295 4245 1386 4325 Esse,
1419 4263 1514 4326 supra
1536 4244 1620 4327 quod
1648 4245 1715 4328 jam
1747 4242 1837 4308 docui
1869 4262 1932 4307 non

285 4380 376 4444 posse
393 4359 530 4443 probari.
572 4356 697 4421 Scssicet
717 4354 766 4421 his
786 4355 863 4439 ipsis
884 4356 1022 4421 uersibus
1044 4378 1144 4440 neque
1166 4356 1267 4423 alibi.“
1309 4355 1372 4421 Sed
1392 4361 1537 4420 neutrum
1552 4354 1782 4419 eoncedendum
1803 4352 1933 4433 videtur,

286 4493 387 4555 neque
408 4470 636 4535 Lambinianae
657 4469 799 4533 lectionis
822 4466 905 4531 illius
925 4467 986 4532 loci
1009 4468 1140 4532 eandem
1162 4489 1228 4532 esse
1251 4468 1436 4533 sententiam
1464 4489 1502 4531 ac
1528 4486 1670 4531 versuum
1693 4485 1713 4528 a
1734 4464 1935 4531 Lachmanno

283 4583 493 4663 laudatorum,
514 4603 615 4665 neque
636 4579 717 4645 hanc
738 4579 815 4644 alibi
836 4600 899 4643 non
919 4577 1058 4646 inveniri.
1101 4576 1233 4641 Etiamsi
1255 4578 1336 4641 enim
1353 4576 1517 4641 Lucretius
1538 4575 1669 4641 diceret:
1693 4594 1772 4657 quae
1794 4575 1933 4640 multis

286 4699 360 4760 sunt
380 4692 523 4778 partibus
545 4698 646 4772 aucta,
669 4713 730 4756 non
751 4700 882 4775 possunt
905 4696 972 4769 cet,
993 4697 1099 4754 tamen
1122 4709 1192 4752 eurn
1222 4688 1270 4752 his
1298 4686 1401 4752 verbis
1422 4686 1592 4772 primordia
1612 4687 1756 4753 immanis
1779 4690 1933 4773 magnitu-

287 4805 367 4873 dinis
388 4804 562 4890 significare
583 4803 715 4869 voluisse
736 4804 863 4867 minime
885 4802 1012 4867 concedi
1033 4804 1146 4884 potest.
1190 4797 1319 4864 Accedit
1339 4798 1423 4883 quod
1442 4799 1633 4881 inpromptu
1654 4805 1703 4863 est
1724 4798 1818 4881 locus,
1840 4821 1934 4885 quem

285 4916 449 4982 Lueretius
469 4892 605 5000 respicit,
628 4913 765 4997 ejusdem
787 4912 859 4976 libri
883 4934 929 4977 vv.
951 4911 1013 4976 481
1036 4931 1096 4994 sq:
