4400 5584
1090 452 1134 532 lt

403 654 449 720 Ao
468 653 604 740 primum
626 653 752 738 quidem
772 652 986 719 adnotandum
1006 661 1069 737 est,
1101 655 1140 719 ni
1171 661 1213 737 (r.
1247 652 1324 738 629)
1355 657 1479 718 tsntum
1508 672 1565 736 per
1597 653 1806 738 conjecturem
1827 652 1971 726 Lambini

335 764 503 850 legistin
524 763 682 830 codicibus
702 754 845 830 omnibus
865 765 897 830 si
917 763 1056 830 inveniri.
1098 764 1177 830 ltem
1199 787 1225 831 v.
1248 763 1320 830 631.
1341 764 1374 828 in
1397 762 1553 829 codicibus
1572 762 1724 830 ‘omnibus
1751 784 1813 829 non
1835 767 1971 838 multis

335 875 391 942 sed
411 875 533 942 nullis
553 875 716 956 invenitur,
736 875 770 939 in
790 894 853 959 quo
865 873 1085 941 Wakefieldius
1106 875 1247 941 codicum
1267 874 1448 941 auctoritati
1461 873 1738 959 obtemperandum
1762 876 1856 960 ducit,
1876 879 1969 947 Lam

336 985 402 1053 bini
420 985 586 1071 lectionem
606 985 791 1069 relinquens,
812 1004 907 1068 quum
927 985 1075 1069 proiecto,
1095 985 1123 1050 si
1142 984 1235 1050 lectio
1256 985 1297 1049 ni
1318 1004 1392 1052 veru
1412 990 1506 1067 esset,
1533 983 1567 1050 id
1587 984 1671 1069 quod
1692 1008 1731 1053 ne
1751 986 1972 1059 Wakefieldim

336 1096 462 1183 quidem
482 1101 583 1181 neget,
605 1117 713 1163 sensus
733 1094 897 1181 flagitaret
959 1142 963 1149 -

405 1206 467 1274 Sed
488 1226 601 1292 operse
621 1205 746 1273 ridetur
765 1205 901 1290 pretium
922 1226 997 1285 esse,
1016 1205 1049 1271 in
1070 1204 1173 1270 surius
1193 1204 1347 1270 editorum
1368 1204 1408 1272 de
1439 1204 1499 1270 hoc
1519 1205 1588 1272 loco
1608 1209 1778 1276 sententies
1808 1211 1973 1297 inquirere.

337 1319 383 1385 Ac
403 1316 574 1384 Lambinus
595 1315 720 1402 quidem
742 1317 949 1383 mutationum
971 1292 991 1381 ἆ
1011 1338 1045 1383 se
1063 1314 1219 1382 sucturum
1239 1315 1296 1382 hes
1317 1316 1421 1384 reddit
1440 1318 1593 1387 rationes:

407 1428 567 1513 »Denique
588 1427 656 1507 nisi,
677 1427 780 1512 inquit
797 1426 970 1505 Lueretius
991 1447 1041 1491 res
1061 1431 1183 1491 orestes
1203 1426 1236 1490 iu
1255 1431 1362 1510 partes
1382 1427 1526 1494 minimas
1547 1429 1705 1506 (minimus
1733 1434 1838 1496 eutem
1865 1435 1971 1516 partes

336 1539 478 1626 appellat
499 1559 568 1620 ess,
590 1538 703 1623 quibus
722 1538 803 1604 eliae
823 1558 886 1604 non
906 1543 1038 1622 possrmt
1057 1558 1124 1603 esse
1144 1537 1290 1619 minores,
1323 1538 1423 1606 etad
1450 1561 1528 1625 ques
1547 1539 1602 1605 ubi
1621 1546 1804 1626 perventum
1835 1547 1891 1623 est,
1921 1562 1973 1610 res

339 1650 435 1717 dividi
455 1672 547 1736 posse
568 1648 727 1738 desinunt)
748 1649 843 1716 dividi
863 1669 902 1715 se
929 1647 1041 1714 resolvi
1071 1654 1210 1732 cogeret:
1243 1647 1321 1713 nihil
1352 1670 1392 1715 ex
1420 1649 1482 1715 illis
1512 1649 1655 1735 pertibus
1683 1671 1830 1735 reparare
1858 1658 1973 1737 posset,

338 1760 496 1847 quaelibet
516 1760 629 1826 herum
649 1763 788 1845 partium
809 1764 966 1827 constaret
987 1780 1026 1825 ex
1046 1756 1188 1844 pertibus
1208 1757 1351 1843 infinitis;
1383 1763 1418 1825 ut
1449 1781 1529 1844 quse
1559 1760 1665 1826 multis
1694 1766 1750 1827 eut
1770 1761 1894 1829 omnino
1914 1763 1974 1830 uli·

338 1871 452 1957 quibus
472 1871 615 1957 pertibus
636 1878 789 1953 constent
813 1891 877 1939 non
895 1876 1026 1957 possunt
1044 1890 1097 1935 ess
1118 1890 1168 1935 res
1188 1868 1312 1950 hebere,
1335 1890 1412 1953 ques
1431 1871 1578 1937 materies
1598 1870 1714 1939 hebere
1734 1871 1835 1954 debet
1855 1873 1972 1959 pinges,

276 2068 280 2075 .
338 1980 491 2068 pondere,
524 2003 680 2049 connexus
711 1989 769 2048 cet
811 1982 858 2049 Ni
877 1981 1062 2048 minimus
1093 1984 1199 2045 eutem
1229 1980 1361 2064 reposui,
1393 1978 1473 2045 hunc
1504 1980 1691 2065 soriptmum
1722 1983 1876 2049 sententie
1905 1983 1975 2069 ipss

337 2091 525 2177 postulante,
547 2113 618 2158 cunr
638 2091 711 2159 libri
730 2092 872 2177 vulgares
891 2093 1031 2159 babeant
1061 2093 1095 2158 si
1123 2091 1318 2172 minimus,
1349 2090 1442 2176 plene
1473 2090 1627 2173 mendose,
1659 2113 1754 2177 quum
1785 2093 1972 2178 scripturum

338 2203 394 2287 qui
413 2206 542 2268 tuentur
562 2204 748 2271 caecutiunt
790 2203 872 2270 Num
892 2203 1045 2290 Epicurus
1065 2208 1098 2269 et
1119 2223 1191 2268 eum
1211 2207 1336 2268 secutus
1356 2201 1517 2268 Lucretius
1543 2201 1651 2268 volunt
1679 2204 1712 2267 in
1743 2203 1837 2271 rebus
1857 2204 1975 2290 aliquid

242 2310 246 2317 ’
339 2334 407 2380 esse
426 2314 598 2384 minimum.
641 2314 752 2399 Iteque
772 2313 855 2381 infru
873 2316 981 2401 puucis
1001 2320 1073 2401 post
1093 2315 1215 2400 paginis
1235 2319 1354 2380 veteres
1374 2312 1574 2398 philosophos
1594 2312 1793 2399 reprehendit
1802 2315 1974 2400 Lucretius,

259 2510 263 2521 ι
338 2425 475 2510 primum
497 2423 581 2509 quod
602 2432 722 2492 motum
743 2430 884 2492 statuunt
904 2432 1025 2492 exemto
1046 2425 1148 2505 inani,
1180 2421 1291 2490 deinde
1313 2422 1396 2509 quod
1416 2423 1534 2490 iaciunt
1564 2445 1627 2492 non
1658 2447 1726 2492 esse
1756 2425 1849 2493 finem
1880 2427 1974 2497 rebus

260 2622 264 2629 δ
339 2534 481 2602 mcsndis
501 2546 602 2621 neque
623 2534 794 2621 quidquem
814 2556 881 2603 esse
901 2535 1063 2602 minimum
1084 2534 1118 2599 in
1138 2533 1260 2600 rebus«

408 2644 495 2712 Huec
514 2652 620 2714 eutem
641 2648 754 2714 summi
774 2647 833 2712 viri
863 2645 959 2711 verbs
985 2665 1047 2711 non
1067 2666 1130 2711 uno
1161 2645 1285 2710 nomine
1317 2650 1390 2711 sunt
1418 2644 1680 2729 reprehendendu
1722 2645 1862 2713 Primum
1892 2649 1983 2715 enim·

341 2755 424 2838 dicit,
445 2763 591 2824 naturum
611 2778 661 2824 res
681 2758 714 2823 in
735 2757 878 2823 minimus
899 2762 1006 2842 partes
1026 2755 1144 2822 solvere
1165 2775 1327 2822 consuesse
1348 2755 1389 2824 ob
1410 2775 1541 2839 eamque
1572 2775 1698 2822 causum
1723 2760 1877 2824 sententis
1906 2760 1977 2845 ipss

341 2866 507 2934 lectionem
528 2869 568 2935 ni
589 2869 748 2955 postulari,
770 2867 855 2953 quod
874 2889 937 2934 nou
958 2889 1025 2935 esse
1044 2889 1151 2934 verum
1173 2867 1335 2932 Lucretius
1355 2867 1422 2951 ipse
1442 2867 1551 2952 paucis
1571 2864 1710 2933 versibus
1730 2872 1803 2934 unte
1820 2867 1977 2954 docuerat,

340 2999 457 3063 negans
478 2980 621 3046 minimus
649 2986 758 3065 partes
785 3001 842 3065 per
873 3001 906 3046 se
938 2986 1081 3047 constare
1111 3000 1215 3065 posse,
1246 2977 1301 3043 sed
1332 2977 1468 3058 haerere,
1500 2975 1582 3043 unde
1613 2976 1717 3043 divelli
1747 2998 1810 3045 non
1839 2987 1975 3065 possent

339 3088 461 3155 uranei
481 3096 587 3156 sutem
608 3089 669 3157 fuit
688 3091 755 3155 viro
777 3090 907 3174 egregio,
928 3089 1012 3174 quod
1031 3088 1202 3174 primordie
1222 3089 1291 3173 ipse
1311 3095 1343 3152 et
1363 3093 1469 3172 partes
1489 3088 1648 3168 minimus,
1675 3109 1693 3155 e
1713 3089 1825 3173 quibus
1843 3111 1883 3158 ea
1903 3114 1976 3160 con·

300 3198 306 3209 “
341 3205 436 3281 stunt,
458 3200 567 3266 eedem
589 3222 656 3267 esse
676 3201 806 3286 putarit,
828 3199 981 3284 qnodque,
1014 3220 1094 3285 quse
1126 3198 1166 3265 de
1195 3196 1373 3284 primordiis
1405 3218 1475 3263 vere
1506 3195 1666 3279 dicuntur,
1694 3201 1838 3284 pertibus
1867 3223 1975 3271 eorum

340 3311 476 3379 minimis
496 3312 649 3382 attribuit.

410 3421 531 3489 Deinde
552 3421 629 3489 dicit
648 3427 755 3508 partes
776 3421 920 3488 minimus
941 3441 993 3487 ess
1014 3440 1035 3486 a
1055 3418 1200 3485 Lucretio
1220 3417 1383 3503 appellari,
1412 3416 1525 3503 quibus
1555 3417 1636 3484 uliae
1666 3441 1729 3486 non
1760 3423 1880 3507 possint
1910 3446 1978 3493 esse

342 3533 485 3614 minores,
518 3539 550 3599 et
571 3532 614 3599 ed
635 3554 714 3617 quos
734 3532 789 3598 ubi
809 3537 991 3618 perventum
1022 3531 1072 3611 sit
1103 3549 1154 3595 res
1184 3528 1280 3595 dividi
1310 3549 1401 3614 posse
1432 3526 1583 3594 desinant
1627 3531 1730 3616 Atque
1760 3531 1820 3600 hoc
1851 3535 1978 3619 quidem

341 3665 413 3710 vere
434 3643 517 3725 dicit,
538 3648 645 3730 portes
664 3622 808 3709 minimus
829 3662 883 3709 ess
904 3663 979 3721 esse,
1010 3640 1123 3726 quibus
1143 3639 1223 3706 slioe
1243 3660 1307 3707 non
1326 3639 1446 3725 possint
1476 3661 1543 3706 esse
1574 3642 1724 3724 minores,
1756 3644 1841 3729 quod
1871 3653 1978 3715 sutem

341 3753 438 3836 addit,
460 3754 503 3821 sd
522 3759 629 3841 portes
650 3755 795 3821 minimus
815 3752 870 3820 ubi
888 3758 1072 3839 perventum
1091 3751 1148 3833 sit,
1179 3771 1229 3817 res
1250 3750 1345 3817 dividi
1365 3772 1455 3836 posse
1476 3749 1623 3833 desinere,
1654 3753 1748 3839 pinne
1777 3755 1890 3823 fulsum
1920 3765 1977 3842 est,

342 3886 416 3931 nem
437 3886 455 3931 e
476 3865 613 3931 Lucretii
632 3864 754 3931 rutione
774 3863 817 3930 ad
837 3869 944 3949 partes
964 3862 1108 3928 minimus
1138 3861 1172 3927 in
1203 3859 1367 3929 dividendo
1398 3882 1556 3946 nunquam
1576 3865 1729 3948 perveniri
1755 3873 1873 3952 potest,
1905 3891 1977 3937 cum

344 3975 515 4061 primordie
535 3975 636 4042 solide
656 3976 720 4042 sint
739 3996 840 4059 neque
860 3974 993 4060 emplius
1011 3975 1133 4061 possint
1153 3975 1259 4046 securi.

410 4087 490 4153 Tum
511 4086 596 4168 dicit,
615 4087 676 4153 nisi
696 4087 730 4152 in
749 4091 856 4172 purtes
874 4087 1018 4152 minimus
1039 4092 1154 4153 usturs
1175 4092 1302 4153 cunctus
1322 4106 1373 4152 res
1393 4084 1574 4166 resolveret,
1602 4085 1682 4152 etsi
1701 4087 1772 4153 ideo
1792 4096 1912 4174 pentes,
1943 4091 1976 4156 in

343 4218 493 4283 quaeres
511 4195 715 4276 resolvuntur,
747 4201 779 4262 et
809 4197 897 4283 ipsae
917 4205 1023 4283 portes
1043 4198 1203 4281 heberent,
1234 4218 1407 4282 nonposse
1429 4196 1604 4262 sestarios
1635 4217 1799 4281 connexus,
1830 4199 1977 4285 pondere,

342 4309 453 4394 pinges
473 4307 597 4390 habere,
617 4328 699 4393 quse
719 4308 866 4374 materies
886 4309 1030 4393 genitalis
1050 4310 1165 4377 debent
1183 4309 1309 4377 bebere.
1352 4306 1442 4386 Quod
1457 4308 1573 4373 'conus
1595 4313 1651 4374 est
1693 4307 1819 4390 Partes,
1843 4310 1978 4396 inques

343 4424 458 4486 nature
478 4441 529 4486 res
550 4419 668 4487 solvere
689 4420 855 4501 cousuevit,
876 4421 896 4486 i
916 4442 942 4489 e.
964 4422 1069 4502 atomi,
1090 4442 1198 4488 rursus
1219 4419 1334 4487 debent
1353 4422 1458 4503 partes
1479 4415 1609 4499 hebere,
1641 4418 1668 4484 si
1688 4439 1727 4484 ex
1746 4418 1808 4485 illis
1827 4420 1908 4488 uliae
1928 4443 1979 4490 res

343 4529 429 4597 refici
450 4530 573 4597 debent.
617 4530 707 4610 Quod
724 4532 791 4616 jum
812 4553 870 4618 per
890 4553 923 4598 se
944 4537 1034 4618 putet
1055 4552 1095 4599 ex
1115 4532 1236 4599 ratione
1255 4528 1428 4613 Epicures3
1454 4548 1528 4592 num
1549 4527 1727 4611 primordie
1746 4535 1782 4596 ut
1804 4551 1822 4596 e
1843 4533 1978 4599 secundo

344 4640 425 4708 libro
446 4641 600 4723 discimus,
622 4641 685 4707 elis
705 4648 779 4708 sunt
799 4641 935 4723 bemuts,
956 4641 1019 4708 sliu
1039 4647 1141 4723 uentu
1162 4641 1225 4707 elis
1245 4638 1388 4719 rotunde,
1409 4637 1545 4704 disemus
1567 4637 1700 4725 denique
1719 4639 1837 4707 hebent
1856 4641 1983 4711 formes.

344 4753 388 4818 At
407 4773 488 4837 quse
508 4751 615 4838 figuris
636 4751 791 4834 differunt,
810 4752 953 4839 pertibus
973 4751 1128 4835 differem,
1153 4758 1260 4839 purtes
1282 4771 1354 4835 ergo
1374 4749 1501 4819 hubent
1544 4748 1718 4818 Primordie
1747 4751 1843 4836 igitur
1872 4760 1979 4839 partes

344 4861 470 4929 hebent
513 4862 631 4942 Quodsi
650 4869 757 4951 portes
778 4886 841 4931 non
861 4863 1021 4945 heberent,
1051 4862 1184 4948 ideoque
1204 4863 1342 4943 barnatu
1372 4864 1473 4940 scuto,
1505 4860 1641 4928 rotun&
1661 4880 1728 4929 esse
1748 4883 1810 4929 non
1842 4871 1977 4948 possent

1605 4973 1625 5038 3
