4400 5584
1130 492 1151 569 ι

272 700 305 763 ιι
324 692 487 779 diligentia
513 693 561 759 ita
582 693 680 767 minui
712 698 744 759 et
775 692 871 765 levari
902 698 1048 777 possunt,
1080 700 1117 759 ut
1148 693 1226 759 nihil
1259 694 1362 760 obstet
1393 695 1559 778 quominus
1590 696 1836 780 sapientissimus
1873 699 2010 784 quisque

270 802 487 873 honestissime
506 803 591 873 rirat
611 798 709 886 atqrse
730 802 810 871 adeo
832 802 962 871 deorum
983 803 1026 869 ad
1049 803 1283 870 similitudinem
1303 805 1445 890 proxime
1466 806 1657 888 accedat11)
2018 814 2021 821 '

627 912 706 979 illud
725 914 759 979 iu
779 912 829 981 bis
850 911 943 981 rebus
963 913 1071 983 videor
1092 913 1220 981 firmare
1241 922 1374 1000 potesse,

628 1022 829 1108 usqueadeo
851 1029 1036 1093 naturarum
1053 1026 1185 1109 vestigia
1205 1027 1304 1112 linqui

628 1134 766 1221 parvola,
787 1156 869 1219 quse
890 1143 1026 1219 nequeat
1047 1138 1130 1202 ratio
1152 1136 1309 1221 depellere
1329 1137 1428 1218 nobis,

629 1254 666 1315 ut
686 1247 731 1315 nil
751 1246 904 1332 impediat
924 1246 1051 1330 dignam
1074 1246 1123 1312 dis
1143 1245 1256 1331 degere
1274 1249 1379 1316 ιιιιιιι.

425 1359 583 1444 Imprimis
592 1362 743 1446 majorem
753 1359 869 1427 devita
879 1358 1018 1424 humana
1029 1357 1214 1441 opinionem,
1232 1377 1330 1442 quam
1338 1380 1421 1443 quae
1432 1359 1472 1426 ab
1484 1360 1612 1444 Epicuri
1622 1366 1781 1429 sectatore
1792 1370 2001 1450 exspectetur,

271 1471 436 1556 praeclara
454 1470 510 1543 ille
530 1470 571 1539 de
592 1471 728 1555 conjugii
747 1477 820 1537 ortu
840 1477 872 1536 ιιι
891 1468 1004 1536 effectu
1024 1488 1102 1553 prae
1124 1489 1157 1534 se
1177 1466 1259 1534 ferre
1285 1469 1409 1535 videtur
1429 1472 1584 1553 narratio,
1607 1492 1670 1555 qus
1690 1472 1831 1541 homines
1850 1476 2007 1543 immanes

271 1592 366 1654 antee
396 1584 596 1668 ferarumque
624 1584 689 1648 ritu
708 1602 765 1665 per
785 1580 881 1647 siloas
912 1585 1063 1663 vagantes
1091 1578 1152 1644 hoc
1178 1579 1304 1646 demum
1323 1581 1467 1649 instituto
1488 1581 1531 1647 ad
1551 1603 1674 1649 morum
1695 1583 1903 1669 elementiam,
1934 1587 2004 1671 pie·

272 1704 380 1780 tatem,
402 1695 588 1775 amicitiam,
608 1690 855 1759 misericordiam
878 1689 1030 1755 deductos
1052 1710 1121 1756 esse
1143 1690 1394 1773 demonstrata)

627 1803 705 1869 Inde
726 1822 814 1868 emas
834 1808 1005 1888 postquam
1024 1820 1063 1866 ac
1084 1802 1175 1886 pellis
1196 1802 1361 1887 ignemque
1381 1810 1543 1888 pararrmt,

629 1919 662 1980 et
682 1912 795 1978 muher
815 1915 983 1998 conjuncta
1004 1914 1070 1979 viro
1092 1915 1245 1981 concessit
1264 1915 1297 1979 in
1318 1934 1415 1979 unum

631 2024 815 2109 conjugium,
836 2023 1019 2109 prolemque
1038 2045 1077 2093 ex
1098 2046 1133 2093 se
1153 2024 1258 2091 videre
1280 2031 1427 2105 creatam,

630 2143 699 2203 tum
720 2157 815 2221 genus
836 2136 1010 2207 humanum
1030 2137 1167 2222 primum
1188 2139 1368 2205 mollescere
1390 2137 1501 2223 coepit

629 2246 710 2332 ignis
731 2247 813 2311 enim
835 2246 957 2311 curarit
978 2252 1014 2312 ιιι
1035 2246 1117 2313 alsia
1138 2268 1271 2332 corpora
1291 2247 1389 2332 frigus

629 2379 692 2423 non
713 2357 759 2422 ιιι
776 2357 843 2441 jam
863 2361 991 2441 possent
1012 2357 1091 2423 caeli
1112 2357 1171 2423 sub
1191 2359 1327 2443 tegmine
1347 2358 1443 2440 ferre,

629 2475 662 2534 et
684 2468 787 2533 Venus
806 2467 964 2533 imminuit
982 2467 1065 2547 viris,
1087 2469 1238 2553 puerique
1259 2476 1425 2553 pareutum

630 2579 792 2645 blanditiis
813 2578 904 2644 facile
924 2578 1081 2662 ingenium
1102 2578 1222 2662 fregere
1244 2579 1420 2664 superbum

630 2697 707 2757 tunc
727 2695 759 2755 et
780 2689 947 2755 amicitiem
969 2695 1140 2774 coeperunt
1156 2691 1287 2774 jungere
1308 2698 1436 2759 aventes

628 2800 753 2866 finitimi
773 2800 855 2866 inter
877 2822 910 2869 se
930 2820 988 2866 nec
1008 2798 1134 2866 laedere
1155 2822 1212 2867 nee
1234 2801 1350 2883 violari,
1464 2826 1467 2835 ’

630 2918 663 2979 et
683 2932 796 2997 pueros
818 2909 1075 2976 commendarunt
1095 2911 1306 2997 muliebreque
1328 2912 1474 2994 saeclum,

628 3024 755 3088 vocibus
776 3027 919 3104 et-gestu
941 3041 1014 3087 cum
1034 3020 1129 3088 balbe
1150 3023 1361 3107 significarent

630 3133 856 3199 imbecillorum
877 3153 945 3198 esse
966 3153 1101 3217 aequum
1122 3135 1297 3201 misererier
1318 3138 1427 3204 omnis.

423 3242 592 3311 Praeterea
612 3243 801 3311 creberrima
832 3248 906 3309 sunt
926 3242 1062 3310 Lucretii
1090 3251 1123 3311 et
1143 3247 1268 3330 egregia
1286 3254 1458 3332 praecepte
1489 3247 1529 3315 de
1560 3248 1696 3317 mtaudis
1727 3246 2000 3391 intemperantiae

271 3353 416 3437 libidinis,
437 3354 579 3437 invidiae,
600 3355 788 3434 ambitionis,
810 3355 950 3421 avaritae
972 3355 1070 3422 vitiis:
1081 3358 1109 3437 ⁸)

629 3466 762 3551 denique
784 3465 929 3531 avarities
950 3466 1157 3534 othonorum
1178 3488 1273 3533 caeca
1294 3468 1415 3554 cupido,

629 3598 710 3661 quae
731 3576 860 3642 miseros
881 3575 1022 3645 homiues
1044 3584 1159 3663 cogunt
1179 3581 1400 3648 transcendere
1421 3581 1499 3649 fines

623 3689 704 3773 juris
725 3695 758 3754 et
777 3687 936 3753 interdum
957 3689 1057 3754 socios
1079 3688 1230 3755 scelerum
1251 3695 1346 3775 atque
1367 3693 1525 3760 ministros

630 3803 737 3864 noctes
757 3805 853 3883 atque
874 3797 941 3864 dies
961 3798 1020 3863 niti
1039 3806 1221 3883 praestante
1240 3800 1350 3868 labore

628 3907 671 3973 ad
691 3929 831 3978 summas
851 3930 1008 3993 emergere
1029 3930 1113 3995 opes,
1134 3910 1212 3977 haec
1233 3912 1362 3979 vulnera
1382 3915 1467 3980 ritae

627 4040 691 4085 non
712 4021 873 4087 minimam
894 4028 1017 4107 partem
1038 4025 1148 4090 mortis
1168 4025 1333 4091 formidine
1353 4025 1490 4091 aluntur.

424 4125 487 4193 Sed
509 4127 645 4194 ιιιιιιιιιι
664 4130 706 4196 ab
727 4133 811 4198 omni
829 4133 946 4218 injuria
965 4132 1185 4199 abstinendum
1207 4155 1274 4200 esse
1294 4133 1387 4201 docet
1406 4140 1516 4219 poeta,
1547 4155 1617 4200 cum
1649 4135 1682 4199 in
1716 4154 1788 4200 eum
1811 4131 1998 4216 plerumque

271 4237 400 4318 recidat,
421 4258 442 4303 a
460 4259 523 4322 quo
543 4245 614 4306 orta
634 4241 683 4307 sit.
727 4242 808 4308 Nam
829 4242 903 4309 licet
918 4244 1032 4329 aliquis
1053 4244 1129 4310 deos
1148 4245 1350 4328 hominesque
1370 4245 1490 4311 lacinus
1512 4244 1612 4311 celare
1632 4245 1740 4330 possit,
1761 4250 1870 4310 tamen
1894 4240 1997 4306 malae

271 4349 479 4417 conscientiae
499 4350 615 4418 aculeis
635 4353 760 4437 penitus
779 4355 811 4419 in
832 4355 936 4421 animo
957 4354 1163 4422 insidentibus
1183 4363 1336 4441 perpetuo
1350 4357 1513 4422 cruciatur.
1521 4361 1551 4435 ⁴)
1593 4357 1696 4442 Atque
1716 4375 1756 4422 ea
1777 4353 1889 4433 omnia,
1912 4371 1994 4436 quae

269 4466 381 4545 poetae
401 4458 441 4527 de
462 4463 597 4530 aeternis
617 4463 829 4531 maleficorum
850 4467 935 4551 apud
955 4465 1070 4532 inferos
1091 4467 1200 4552 poenis
1228 4465 1446 4552 prodiderunt,
1478 4467 1562 4533 viros
1579 4486 1637 4533 uos
1657 4470 1823 4552 peccantes
1849 4468 1998 4530 exercent

424 4688 448 4753 ¹)
463 4688 499 4742 ib.
518 4691 568 4741 ³19
585 4705 642 4754 sqq.

423 4771 447 4837 ²)
465 4770 499 4831 V,
519 4776 584 4824 1009
602 4788 658 4840 sqq.

421 4856 446 4921 ³)
463 4856 511 4916 ΙΙΙ,
530 4861 562 4911 69
580 4876 636 4926 sqq.
671 4859 710 4915 Oi.
729 4862 761 4920 11,
779 4864 811 4913 37
829 4876 883 4927 sqq.
918 4862 967 4924 111,
989 4862 1052 4911 1012
1071 4877 1126 4927 sqq.

423 4939 448 5004 4)
466 4938 500 4999 V,
519 4945 587 4994 1150
605 4959 659 5009 flqq.
