4400 5584
1059 475 1083 567 6

201 676 404 758 uoluntatem,
426 675 598 743 Democriti
618 675 805 743 necessitate
826 674 996 755 sublatam,
1018 674 1195 745 bominibus
1217 676 1406 759 vindicaret,
1436 677 1535 747 multo
1557 678 1659 763 majus
1681 677 1778 747 etiam
1798 699 1938 747 momon-

202 791 271 855 tum
291 786 472 853 Lucretium
503 785 576 857 huia
603 784 729 855 decreto
760 785 907 851 tribuisse
937 785 1085 853 videmus.
1129 787 1253 853 Diserte
1285 789 1367 853 enim
1398 789 1586 875 principium
1618 790 1736 857 liberae
1768 790 1941 865 vacuatis

201 900 234 967 in
255 898 331 983 ipsis
351 898 442 984 ponit
461 895 697 985 primordiistl)
1323 904 1324 907 ’

556 1046 660 1130 prima
681 1048 845 1109 morentur
866 1043 948 1108 enim
970 1065 1027 1128 per
1048 1064 1081 1109 se
1103 1042 1275 1128 primordia
1296 1064 1411 1110 rerum.

355 1187 443 1255 Haeo
462 1188 705 1274 primordiorum
724 1187 853 1273 propria
873 1188 919 1253 vis
940 1180 1083 1254 omnibns
1104 1188 1291 1254 animalibus
1313 1209 1408 1255 cansa
1429 1196 1477 1256 est
1497 1197 1600 1257 motus
1621 1190 1809 1257 voluntarii:
1821 1194 1850 1279 ²)

558 1299 701 1383 Denique
722 1298 749 1363 si
771 1318 894 1382 semper
915 1304 1019 1363 motus
1041 1298 1236 1364 connectitur
1257 1301 1357 1366 omnis

561 1418 593 1477 et
613 1415 718 1475 uetere
739 1409 878 1474 exoritur
901 1430 1023 1493 semper
1044 1429 1142 1474 novus
1164 1409 1272 1475 ordine
1294 1417 1388 1491 certo,

558 1541 616 1586 nec
637 1517 823 1585 declinando
844 1516 964 1583 faciunt
983 1518 1156 1602 primordia
1177 1498 1281 1586 motus

559 1631 746 1716 principium
768 1629 936 1714 quoddam,
958 1628 1043 1714 quod
1063 1628 1124 1695 fati
1143 1629 1272 1696 foedera
1293 1638 1427 1717 rumpat,

559 1764 598 1810 ex
617 1741 739 1808 infinito
759 1763 798 1807 ne
820 1760 950 1807 causam
971 1758 1069 1807 causa
1092 1748 1252 1826 sequatur,

558 1851 661 1919 libera
680 1873 738 1938 per
759 1858 860 1918 terras
880 1851 964 1917 unde
984 1850 1064 1917 haec
1085 1850 1299 1918 animantibus
1319 1859 1430 1934 exstat,

560 1963 643 2029 unde
664 1969 713 2029 est
733 1961 819 2045 baec,
841 1963 979 2047 inquam,
1001 1960 1076 2027 satis
1097 1959 1205 2025 avolsa
1225 1967 1374 2045 potestas,

559 2095 616 2161 per
637 2094 733 2158 quam
752 2073 969 2159 progredimur
989 2093 1052 2158 qno
1073 2071 1161 2137 ducit
1182 2092 1335 2157 quemque
1357 2072 1507 2154 voluntas,

561 2184 751 2251 declinamus
771 2185 848 2250 item
869 2188 974 2250 motus
994 2204 1052 2249 nec
1072 2188 1215 2267 tempore
1237 2189 1323 2248 certo

561 2316 619 2360 nec
639 2294 764 2378 regione
784 2293 846 2360 loci
867 2300 962 2375 certa,
983 2293 1041 2360 sed
1061 2293 1117 2359 ubi
1136 2297 1206 2381 ipsa
1226 2295 1300 2361 tulit
1321 2296 1435 2361 mens?

355 2408 495 2473 Primum
516 2406 639 2473 arbitrii
658 2403 776 2471 iontem
796 2404 960 2471 Lucretius
992 2411 1124 2491 quartae
1155 2406 1200 2471 illi
1232 2398 1328 2472 a'nimi
1348 2412 1483 2473 naturae
1502 2404 1603 2472 inesse
1625 2405 1793 2487 contendit,
1826 2424 1848 2470 a
1870 2426 1934 2491 qua

204 2541 274 2586 cnm
295 2525 399 2585 motus
419 2519 543 2586 initium
564 2516 684 2583 factum
705 2516 754 2598 sit,
776 2516 912 2601 primum
934 2524 1058 2583 ceterae
1079 2518 1177 2584 animi
1198 2522 1313 2601 partes,
1336 2516 1432 2598 calor,
1454 2521 1573 2596 ventus,
1602 2519 1671 2597 adr,
1701 2520 1769 2580 tum
1791 2515 1934 2581 membra

203 2635 403 2696 moveantur:
415 2630 443 2714 ³)

560 2740 605 2805 sio
626 2738 714 2804 calor
734 2744 831 2822 atque
852 2741 909 2803 adr
931 2744 963 2803 et
984 2738 1069 2803 renti
1091 2757 1186 2804 caeca
1206 2696 1346 2822 potestas

560 2850 661 2915 mixta
683 2854 793 2915 creant
813 2867 910 2914 unam
932 2854 1090 2930 naturam,
1113 2856 1146 2915 et
1166 2848 1290 2913 mobilis
1309 2847 1364 2913 illa

560 2962 614 3043 ris,
635 2962 748 3026 initum
769 2967 873 3026 motus
895 2959 937 3026 ab
959 2981 993 3026 se
1015 2981 1096 3044 quae
1119 2959 1229 3025 dividit
1248 2958 1325 3039 ollis,

561 3071 690 3138 sensifer
710 3071 793 3137 unde
815 3071 914 3137 oritur
934 3071 1072 3156 primum
1092 3092 1150 3156 per
1171 3071 1291 3136 viscera
1311 3075 1425 3136 motus.

354 3184 477 3250 Harum
497 3197 604 3249 autem
625 3184 721 3249 animi
741 3183 879 3268 partium
901 3181 1024 3248 diversa
1046 3183 1269 3268 compositione
1297 3203 1360 3248 non
1381 3180 1483 3247 solum
1506 3181 1690 3247 animalium
1712 3189 1816 3247 certas
1838 3199 1934 3265 quas·

205 3295 281 3361 dam
300 3301 440 3376 naturas,
463 3295 517 3361 sed
538 3296 636 3361 etiam
656 3294 866 3361 humanorum
886 3313 1009 3358 morum
1030 3292 1210 3357 innumeras
1235 3292 1404 3357 varietates
1423 3291 1587 3357 Lucretius
1616 3292 1772 3376 explicare
1794 3298 1934 3357 conatur.

202 3405 259 3473 Uti
281 3405 363 3471 enim
383 3404 440 3487 leo,
460 3407 494 3472 in
516 3407 604 3492 cujus
625 3407 730 3472 animo
752 3405 839 3471 calor
859 3406 982 3486 eminet,
1005 3403 1148 3470 adirem
1169 3410 1216 3471 est
1237 3403 1420 3487 proclivior,
1450 3409 1487 3469 nt
1509 3423 1625 3483 cervus,
1647 3402 1698 3467 cui
1719 3403 1819 3486 major
1840 3398 1949 3467 aurae

204 3523 252 3585 est
273 3517 373 3604 copia,
391 3517 477 3602 justo
497 3517 647 3598 timidior,
680 3524 716 3583 ut
737 3518 825 3584 bovis
846 3538 885 3583 ex
906 3519 982 3583 aire
1004 3522 1173 3600 superante
1194 3516 1322 3600 propria
1344 3521 1392 3581 est
1413 3515 1590 3580 constantia
1611 3511 1777 3597 quaedam,
1810 3511 1852 3578 ab
1885 3512 1934 3577 ira

204 3635 237 3694 et
256 3634 343 3695 metu
363 3629 436 3713 pari
456 3629 559 3713 spatio
579 3634 710 3709 remota,
741 3629 789 3694 ita
809 3629 843 3693 in
874 3625 1004 3711 singulis
1031 3647 1154 3710 quoque
1183 3626 1360 3692 bominibus
1388 3626 1500 3692 horum
1525 3625 1621 3691 trium
1642 3623 1729 3690 aliud
1750 3623 1812 3690 elio
1833 3623 1934 3708 magis

203 3739 397 3808 dominatur:
409 3742 435 3826 ⁴)

561 3850 713 3917 consimili
734 3851 855 3916 ratione
876 3856 1032 3917 necessest
1052 3856 1164 3917 uentus
1185 3856 1219 3915 et
1239 3854 1295 3916 adr

562 3968 594 4029 et
616 3962 702 4028 calor
720 3962 803 4027 inter
824 3983 857 4028 se
878 3962 1003 4047 vigeant
1024 3961 1194 4027 commixta
1215 3982 1272 4045 per
1292 3965 1391 4040 artus,

560 4078 657 4156 atque
677 4070 746 4137 aliis
767 4070 854 4137 aliud
876 4070 976 4137 subsit
997 4072 1097 4155 magis
1119 4071 1325 4156 emineatqne.

355 4183 425 4250 Iam
457 4203 529 4248 cum
559 4188 690 4269 propter
720 4182 875 4267 graduum
903 4186 1071 4251 varietates
1103 4183 1259 4248 innumeri
1286 4183 1349 4248 sint
1380 4182 1480 4263 modi,
1513 4180 1627 4266 quibus
1648 4178 1728 4244 haec
1750 4178 1813 4243 tria
1834 4174 1933 4240 mixta

203 4317 271 4364 esse
301 4301 445 4382 possunt,
477 4294 620 4377 sequitur
651 4300 688 4359 nt
718 4294 900 4361 innumerae
933 4296 1029 4362 etiam
1060 4294 1124 4361 sint
1144 4293 1342 4360 diversitates
1363 4315 1486 4360 morum
1514 4290 1691 4358 hominibus
1714 4286 1933 4371 ingenitorum.

202 4407 264 4475 Sed
286 4427 478 4494 quamquam
498 4411 631 4473 naturae
652 4406 783 4490 vestigia
803 4427 964 4492 nunqnam
984 4411 1115 4492 possunt
1136 4402 1278 4470 funditus
1289 4404 1463 4489 exstirpari,
1484 4408 1591 4469 tamen
1604 4398 1753 4468 doctrina
1775 4404 1807 4464 et
1828 4394 1932 4463 studio
