4400 5584
1111 511 1157 591 13

371 715 452 780 disse
484 715 651 799 praecipue
684 714 853 779 Democriti
884 721 1075 799 argumenta,
1105 714 1157 796 qui
1180 713 1370 791 decreverat,
1392 718 1511 775 motum
1532 711 1597 776 sine
1619 711 1703 776 inani
1723 709 1790 774 fieri
1812 732 1874 775 uon
1896 732 1994 795 posse,

371 826 487 910 quippe
519 847 589 890 cum
621 827 756 909 spatium
788 825 942 909 repletum
973 826 1166 891 inaccessum
1203 825 1252 893 sit.
1296 823 1412 900 Quodsi
1433 829 1556 906 pateret
1577 823 1699 905 corpori
1727 823 1875 906 aliudque
1904 843 1995 906 prae·

371 944 459 1002 terea
480 958 592 1020 corpus
613 937 779 1020 reciperet,
800 936 867 1001 fore
889 945 925 1002 ut
946 938 1007 1002 duo
1029 938 1061 1001 in
1083 936 1191 1000 eodem
1213 935 1314 1019 spatio
1337 955 1468 1018 corpora
1488 940 1692 1012 versarentur,
1714 956 1813 1017 neque
1834 955 1906 999 vero
1928 942 1995 999 tum

372 1045 543 1129 quidquam
564 1045 777 1130 impedimenti
797 1045 935 1111 futurum
947 1069 1027 1126 esse,
1048 1045 1213 1130 quominus
1235 1047 1538 1130 innumeracorpora
1558 1046 1592 1108 iu
1613 1044 1672 1108 boc
1694 1046 1803 1128 spatio,
1826 1049 1996 1113 maximum

372 1167 477 1225 autem
498 1160 531 1223 in
552 1160 679 1224 minimo
700 1163 789 1223 esset.
832 1158 959 1222 Aristot.
981 1158 1069 1242 phys,
1090 1156 1142 1235 IV,
1166 1159 1194 1220 6.
1238 1159 1356 1238 λέγουσι
1372 1160 1405 1221 δέ
1424 1154 1458 1217 ἓν
1476 1160 1533 1238 μὲν
1556 1154 1601 1221 ὅτι
1623 1159 1740 1239 κίνησις
1759 1155 1779 1240 ἡ
1801 1157 1879 1222 aurci
1902 1157 1995 1223 τόσον

373 1270 430 1334 οὐκ
454 1268 493 1333 δν
515 1268 558 1351 εἴη
581 1265 672 1350 (αὕτη
695 1269 721 1331 δ’
742 1269 805 1334 έστὶ
827 1266 911 1352 (popei
933 1271 981 1332 καὶ
1004 1264 1151 1351 αδξησις).
1175 1266 1211 1329 ου’
1232 1266 1292 1350 γδρ
1316 1265 1354 1329 δν
1375 1262 1475 1330 δοκεῖν
1497 1265 1569 1330 εἶναι
1587 1270 1710 1350 κίνησιν,
1732 1270 1758 1330 εἰ
1776 1264 1820 1351 μή
1842 1267 1885 1350 εἴη
1899 1266 1995 1336 κενόν.

335 1410 339 1417 ·
371 1379 407 1443 vd
429 1378 488 1461 γάρ
510 1384 619 1462 πλῆρες
641 1375 794 1441 α’δδνατον
816 1374 888 1441 εἶναι
911 1379 1064 1452 δέξασθαί
1092 1400 1128 1444 τι.
1151 1377 1176 1437 ιδ
1204 1375 1237 1436 δι’
1264 1378 1377 1451 δέξεται
1399 1375 1448 1437 κιιὶ
1480 1375 1562 1440 ἔσται
1585 1374 1641 1440 δύο
1665 1379 1697 1442 έν
1729 1377 1820 1464 αὐτῷ,
1854 1377 1995 1459 ἐνδέχοιτ’

374 1489 414 1553 δν
434 1491 483 1552 καὶ
506 1486 661 1551 ὁποσαοῦν
682 1482 754 1548 εἶναι
778 1485 845 1567 ἅμα
869 1486 1005 1568 σιδματα.
1049 1485 1137 1550 Idem
1159 1493 1301 1550 constare
1323 1488 1382 1564 ait,
1415 1489 1447 1551 iu
1477 1508 1531 1550 vas
1552 1487 1653 1551 cinere
1686 1488 1839 1571 repletum
1872 1492 1994 1550 tantum

374 1620 474 1683 aquae
494 1596 615 1662 infundi
636 1614 737 1680 posse,
767 1603 919 1680 quantum
946 1618 1000 1661 vas
1028 1617 1158 1662 uacuum
1191 1598 1302 1681 capiat.
1347 1597 1422 1662 Inde
1450 1604 1553 1662 autem
1585 1597 1688 1681 colligi
1715 1606 1871 1681 oportune,
1900 1618 1993 1661 vacua

372 1732 429 1796 per
450 1730 565 1793 aquam
586 1708 688 1791 spatia
710 1730 784 1772 esse.
828 1708 968 1790 Denique
990 1708 1079 1772 addit
1100 1730 1232 1791 corpora
1246 1730 1320 1784 esso,
1342 1728 1421 1790 quae
1442 1708 1474 1771 in
1496 1709 1611 1773 arctius
1632 1708 1768 1791 spatium
1782 1710 1850 1791 cogi
1871 1707 1996 1792 possint,

350 1887 351 1891 ,
372 1828 409 1887 ut
429 1824 534 1885 viuum
554 1820 587 1883 in
608 1826 724 1899 utrem,
745 1819 829 1902 quod
850 1841 911 1884 nou
933 1820 1076 1899 eveniret,
1098 1820 1157 1883 nisi
1184 1840 1283 1883 vacua
1303 1825 1406 1882 essent
1437 1818 1540 1901 spatia
1561 1820 1712 1883 coarctati
1733 1820 1871 1902 corporis
1892 1825 1997 1903 partes

373 1932 564 2017 recipientia.
588 1966 628 1977 -
657 1930 861 2014 Empedocles
883 1953 1013 1995 vacnum
1036 1930 1159 2014 quidem
1190 1951 1260 1994 cum
1282 1928 1428 1992 Eleaticis
1455 1928 1645 2012 pbilosophis
1668 1930 1784 2013 rejecit.
1827 1931 1933 2007 (Arist.
1956 1929 2006 1995 ds

374 2044 459 2109 coelo
480 2043 533 2122 IV,
553 2044 584 2107 2.
628 2040 698 2107 ένισι
720 2046 781 2106 τῶν
801 2044 845 2127 μή
867 2041 1049 2127 φασκόντων
1071 2039 1143 2105 κέναι
1173 2042 1259 2105 κενδν
1291 2037 1356 2104 οἷον
1377 2040 1582 2124 Ἀναξαγόρας
1604 2043 1653 2104 καὶ
1673 2040 1910 2125 Ἐμπεδοκλῆς),
1942 2041 1997 2106 sed

374 2154 432 2218 bac
454 2176 487 2220 re
509 2160 654 2218 constare
676 2152 734 2217 sibi
756 2174 818 2217 non
839 2154 950 2238 potuit,
972 2174 1045 2217 uam
1067 2154 1181 2236 πόρους
1191 2152 1342 2236 quosdam
1364 2149 1460 2232 fingit,
1483 2148 1638 2232 α’σρσίτοσς
1667 2152 1724 2233 μέν
1746 2149 1797 2216 δαὶ
1818 2151 1995 2234 μικρότητα,

375 2263 507 2338 σσκνσδς
529 2265 630 2329 δὲκαὶ
652 2260 730 2326 κατα
754 2274 886 2344 στοῖχον,
907 2284 964 2347 per
976 2284 1053 2346 quos
1064 2283 1196 2345 corpora
1207 2262 1288 2325 iuter
1302 2284 1335 2327 se
1352 2266 1569 2326 commearent
1613 2261 1698 2326 Haec
1720 2270 1825 2325 autem
1848 2261 1997 2325 materiae

372 2372 536 2437 intervalla
547 2395 583 2438 eo
595 2372 711 2455 fingere
736 2372 918 2455 cogebatur,
939 2373 1023 2456 quod
1045 2395 1108 2437 una
1130 2394 1199 2437 cum
1227 2374 1310 2436 inani
1332 2395 1382 2437 res
1394 2372 1538 2457 conjungi
1549 2378 1581 2435 et
1592 2374 1707 2437 moveri
1717 2394 1807 2457 posse
1819 2378 1995 2455 negaverat

427 2483 483 2569 (c).
516 2483 617 2549 Grave
640 2491 672 2549 et
704 2484 770 2548 lere
802 2485 885 2567 gigni
917 2506 974 2568 pro
1001 2491 1072 2548 rata
1099 2492 1189 2567 parte
1217 2485 1319 2548 inanis
1351 2483 1531 2567 corporibus
1564 2483 1695 2547 admixti
1727 2483 1897 2547 Democriti
1929 2503 1998 2546 seu·

374 2596 473 2660 tentia
505 2601 561 2661 est.
614 2595 698 2658 Dicit
730 2596 812 2659 euim
844 2595 1058 2680 Theophrasto
1090 2602 1218 2660 auctore
1251 2597 1329 2678 (περὶ
1357 2596 1534 2678 αἰσθήσεως
1563 2596 1611 2659 ’καὶ
1641 2597 1801 2676 αῖσθητῶν
1830 2595 1886 2680 61)
1928 2615 1998 2658 cor-

375 2727 454 2790 pora
475 2727 546 2770 oum
567 2707 652 2769 inani
672 2727 735 2769 nou
756 2708 933 2785 commixta,
954 2707 980 2771 si
1002 2707 1170 2790 separatim
1192 2712 1386 2791 spectentur,
1413 2727 1470 2789 pro
1492 2705 1703 2788 magnitudine
1732 2705 1853 2788 pondus
1873 2704 1998 2785 habere,

375 2815 457 2879 inter
479 2837 516 2879 ea
536 2823 650 2894 autem,
672 2814 784 2899 quibus
805 2816 896 2880 inane
929 2816 1103 2880 admixtum
1125 2817 1173 2895 sit,
1206 2816 1321 2880 leu'ora
1343 2838 1425 2895 esse,
1447 2837 1528 2899 quae
1550 2819 1707 2901 majorem,
1729 2818 1885 2900 graviora,
1918 2837 1998 2900 quae

375 2926 526 2991 minorem
557 2927 658 2991 inanis
691 2927 811 3009 copiam
842 2927 1029 2992 contineant.
1072 2927 1218 2992 Testatur
1239 2926 1421 2991 Aristoteles
1457 2927 1495 2991 de
1527 2949 1593 3009 gen.
1623 2932 1654 2992 et
1683 2949 1761 2998 corr.
1783 2927 1806 3008 1,
1828 2930 1857 2996 8.
1901 2930 1996 2990 καίτοι

375 3037 546 3123 βαρύτερόν
577 3060 609 3121 γε
641 3047 719 3102 κατα
752 3039 809 3121 τήν
837 3037 989 3122 ὑπεροχήν
1018 3062 1112 3124 φησιν
1140 3034 1212 3100 εἶναι
1243 3037 1437 3122 Δημόκριτος
1465 3037 1675 3102 ἕκαστοντῶν
1697 3038 1877 3123 ἀδιαιρέτων
1905 3044 1938 3102 et
1959 3035 1998 3100 de

376 3151 451 3219 coel.
472 3150 525 3231 IV,
547 3153 576 3217 3.
619 3149 654 3216 τδ
677 3151 763 3214 κενδν
784 3147 1122 3233 έμιιιριλαμβανόμινον
1154 3146 1192 3210 nt
1221 3147 1349 3229 σώματα
1371 3150 1521 3232 κουφίζειν
1543 3153 1628 3233 quel,
1660 3151 1708 3211 nul
1731 3160 1825 3214 ποιεῖν
1846 3148 1927 3213 ἔστιν
1949 3144 1997 3212 ὅτε

376 3259 416 3326 ιδ
437 3264 530 3344 μείζω
551 3260 732 3346 κουφότερα·
756 3267 856 3325 utetur
888 3259 947 3345 ydp
981 3259 1058 3341 ἔχειν
1078 3257 1175 3328 κενόν.
1218 3259 1265 3322 De
1286 3280 1389 3322 rerum
1419 3256 1598 3323 differentiis
1620 3281 1700 3342 quae
1721 3260 1843 3323 diversa
1863 3258 1946 3342 pleni
1968 3265 2000 3323 et

373 3372 475 3438 inanis
495 3373 644 3438 mixtione
665 3372 805 3437 oriantur
825 3371 1056 3436 accuratissime
1082 3369 1256 3454 disputasse
1277 3370 1488 3435 Democritum
1510 3372 1598 3436 testis
1620 3378 1668 3436 est
1689 3370 1842 3454 Theopbr.
1864 3370 1884 3435 l.
1906 3370 1925 3434 l.
1948 3369 1999 3434 62.

375 3485 429 3567 qui
450 3483 526 3550 dicit
547 3507 617 3549 eum
639 3485 786 3549 statuisse
797 3482 908 3546 durum
931 3503 997 3546 esse
1019 3481 1157 3560 densum,
1179 3480 1271 3546 molle
1293 3486 1402 3545 contra
1422 3502 1537 3547 rarum.
1582 3480 1714 3546 Differre
1735 3502 1828 3564 porro
1850 3483 1944 3546 situm
1966 3488 1999 3547 et

374 3595 522 3679 injectum
543 3616 711 3659 vacuorum
732 3593 904 3677 spatiorum
926 3593 996 3657 duri
1018 3599 1050 3656 et
1071 3592 1188 3671 mollis,
1211 3592 1312 3675 grauis
1342 3597 1373 3656 et
1400 3591 1485 3659 levis.
1527 3592 1658 3656 Ferrum
1687 3594 1769 3657 enim
1792 3592 1998 3676 inaequaliter

376 3707 581 3789 compositum
603 3726 677 3785 esse,
698 3705 865 3788 multisque
885 3704 918 3767 in
939 3703 1016 3768 locis
1037 3724 1169 3767 vacuum
1191 3702 1314 3779 habere,
1344 3707 1376 3766 et
1397 3701 1502 3766 multis
1524 3702 1648 3785 quidem
1670 3703 1865 3785 inpartibus
1888 3703 1998 3767 deusa-

375 3821 443 3879 tum
464 3837 539 3895 esse,
561 3822 594 3879 et
613 3817 646 3881 iu
666 3816 821 3881 nonnullis
848 3837 975 3900 prorsus
1002 3814 1073 3899 plus
1103 3814 1219 3878 habere
1251 3813 1348 3882 vacui
1390 3812 1555 3877 Plumbum
1587 3834 1674 3893 vero,
1708 3814 1758 3877 cui
1789 3814 1890 3878 minus
1909 3814 1999 3878 vacui

375 3925 458 4004 insit,
478 3925 650 4007 aequaliter
672 3928 876 4010 compositum
898 3931 930 3991 et
951 3946 1007 4009 per
1034 3946 1141 3990 omnes
1167 3931 1274 4009 partes
1300 3923 1442 3989 similiter
1472 3945 1579 4005 ¹rarum
1612 3945 1686 3993 esse.
1730 3924 1804 3990 Ideo
1836 3924 1999 4008 plumbum

375 4035 499 4119 gravius
521 4035 654 4118 quidem,
676 4035 731 4100 sed
752 4041 858 4101 tamur
879 4035 1002 4101 mollius
1024 4057 1090 4100 esse
1109 4035 1200 4106 ferro,
1207 4038 1232 4119 1)

426 4146 475 4227 (d)
498 4145 546 4210 De
566 4146 697 4229 piscium
725 4146 758 4211 iu
779 4168 863 4231 aqua
883 4148 1018 4212 motione
1045 4168 1126 4231 quae
1154 4147 1245 4212 docet
1273 4148 1435 4213 Lucretius
1462 4153 1536 4212 suut
1562 4155 1672 4213 contra
1699 4147 1914 4225 Aristotelem,
1944 4147 1999 4230 qui

375 4257 441 4321 sine
470 4255 556 4319 iuuui
587 4262 707 4319 motum
738 4256 784 4320 ita
813 4255 882 4321 fieri
913 4278 1004 4341 posse
1042 4258 1129 4337 dicit,
1170 4266 1207 4323 ut
1245 4259 1378 4324 alterum
1421 4281 1533 4343 corpus
1576 4259 1667 4324 alteri
1712 4258 1810 4327 cedat.
1869 4258 1997 4323 Aristot

397 4367 418 4432 h
482 4366 526 4430 IV
557 4367 573 4387 ι·
664 4366 681 4391 ιι
870 4369 879 4393 ι
993 4366 1012 4391 οι
1167 4365 1170 4369 ’
1240 4369 1248 4392 s
1336 4370 1343 4391 i
1412 4371 1426 4393 α
1528 4369 1537 4391 ι
1642 4360 1654 4392 Γ
1741 4383 1752 4397 ,
1898 4375 1913 4388 u

375 4389 462 4452 pyS.
526 4417 533 4446 ,
563 4384 586 4433 t.
630 4370 738 4434 Αιτιον
760 4371 956 4453 δέκινησεως
978 4394 1089 4434 σιονται
1113 4368 1185 4434 εἶναι
1213 4396 1248 4436 το
1276 4396 1362 4435 κενον
1389 4396 1485 4446 ουτως
1512 4397 1554 4448 ως
1575 4373 1607 4436 έν
1629 4399 1654 4458 ῳ
1677 4397 1799 4436 κινιιται
1826 4365 1997 4435 ,τουτοδ

376 4472 481 4562 δι’ντέη
503 4474 569 4544 οἷον
589 4477 644 4541 τδν
664 4477 759 4544 τόιιον
781 4483 861 4567 φασί
888 4502 965 4556 τινες
997 4476 1069 4545 εἶναι
1091 4533 1098 4548 .
1122 4481 1247 4563 οἰδεμιίι
1280 4485 1306 4546 δ’
1338 4482 1467 4565 α’νιίγκη,
1500 4485 1526 4545 εἰ
1545 4483 1660 4565 κίνησις
1691 4480 1763 4560 ἔστι,
1799 4477 1871 4545 εἶναι
1903 4480 1998 4546 κενόν·

375 4591 454 4667 ὅλως
473 4590 532 4671 μέν
552 4580 607 4655 alr
628 4587 729 4672 ποίσης
749 4590 893 4674 κινήσεως
912 4590 1070 4672 οὐδαμῶς,
1103 4590 1149 4653 διδ
1182 4594 1231 4655 καὶ
1252 4594 1412 4657 Μέλισσον
1433 4588 1552 4657 ἔλαθεν.
1594 4591 1810 4657 Ἀλλσιοῦσθαι
1832 4590 1891 4675 γαρ
1914 4593 1998 4657 ἐνδέ-

374 4727 459 4784 χεται
480 4701 515 4766 cd
539 4706 648 4785 πλῆρες
670 4751 677 4767 .
700 4699 781 4764 utta
813 4699 850 4783 δὴ
880 4700 951 4766 οὐδὲ
981 4699 1038 4784 τῆν
1066 4698 1147 4764 nurci
1178 4701 1275 4765 τόπον
1306 4707 1421 4786 κίνησιν
1442 4757 1450 4771 .
1473 4701 1539 4784 ἅμα
1570 4701 1629 4789 γαρ
1666 4703 1818 4782 ἐνδέχεται
1845 4702 1997 4780 διεξιέναι

376 4809 522 4894 ἀλλήλοις,
556 4810 679 4885 οδδενδς
699 4811 904 4896 διαστήματος
932 4817 1087 4894 χωριστοῦ
1115 4808 1198 4890 nupti
1225 4809 1264 4875 τοὶ
1286 4811 1415 4893 σώματα
1442 4812 1483 4879 ru*
1510 4813 1683 4895 κινούμενα·
1705 4816 1754 4878 καὶ
1783 4820 1875 4879 τοῦτο
1906 4815 1999 4894 δῆλον

375 4922 425 4985 καὶ
446 4919 478 4980 έν
497 4931 563 4995 ταῖς
583 4926 646 4987 τῶν
667 4927 804 5004 συνεχῶν
825 4923 928 5000 δίναις,
952 4918 1053 5000 ὥσπερ
1074 4922 1124 4984 καὶ
1145 4918 1178 4983 έν
1197 4930 1263 4995 τοῖς
1283 4923 1344 4991 τῶν
1364 4919 1473 5007 δγριόν.
1518 4924 1580 4993 Cio.
1602 4924 1656 4990 Ao.
1679 4923 1717 5003 ll,
1740 4923 1791 4993 40.
1836 4923 1923 4988 Tune
1942 4927 1999 4988 aut

428 5059 452 5126 ι)
468 5058 590 5114 murus.
607 5060 626 5111 1.
641 5059 661 5112 1.
680 5076 705 5126 p.
724 5062 781 5112 ns.

1598 5155 1645 5220 2*
