4400 5584
41 4162 47 4331 h

45 4332 57 4841 l

56 4916 65 5323 N
385 4906 409 4973 1)
426 4906 565 4960 samso
580 4908 598 4960 r.
615 4907 633 4962 i
651 4922 677 4972 ν.
695 4909 720 4963 s.

1073 438 1237 535 rs'

313 679 445 743 corpora
465 658 598 723 indivisa
620 658 728 723 haberi
750 665 874 742 oportet
895 679 957 722 non
974 657 1074 722 solum
1089 664 1216 741 propter
1230 658 1429 737 immobilem,
1452 676 1535 741 quae
1556 658 1632 742 ipsis
1646 658 1784 741 contigit,
1807 664 1960 742 naturam,

314 769 369 835 sed
403 770 498 834 etiarn
530 777 658 854 propter
689 769 778 833 molis
814 770 1002 852 paritatem
1034 770 1234 852 partimnqne
1254 770 1455 834 vacuitatem.
1499 768 1606 853 Simpl.
1639 770 1682 834 arl
1711 771 1839 838 Aristot.
1872 770 1960 855 phys.

315 880 368 951 fol,
391 881 462 946 216.
508 879 728 956 ὁΛεύκιππος
748 880 805 961 μὲν
826 882 873 942 καὶ
897 876 913 944 ὁ
935 879 1130 963 Δημόκριτος
1162 879 1199 942 ov'
1219 879 1316 961 μόνον
1348 877 1403 962 τὴν
1426 877 1582 942 ἀπάθειαν
1614 883 1711 944 αἰτίαν
1739 890 1803 955 τοῖς
1831 878 1962 962 πρώτοις

316 992 438 1076 σώμασι
461 998 516 1057 τοῦ
536 992 579 1076 μή
601 993 785 1075 διαιρεῖσθαι
808 991 987 1070 νομίζουσιν,
1010 987 1088 1050 (illd
1105 994 1152 1053 καὶ
1167 991 1202 1056 τὸ
1215 992 1343 1076 σμικρὰν
1364 992 1412 1055 καὶ
1437 989 1554 1071 ἀμερές.
1582 989 1755 1074 Ἐπίκουρος
1779 992 1812 1054 δὲ
1832 987 1961 1072 ὕστερον

315 1103 414 1188 ἀμερῆ
432 1104 489 1185 μὲν
510 1103 569 1183 οὐχ
589 1100 709 1185 ἡγεῖται,
733 1098 834 1180 ἄτομα
858 1099 890 1160 dd
918 1095 970 1161 aed
997 1095 1052 1180 τήν
1074 1099 1231 1162 ἀπάθειαν
1254 1097 1331 1165 εἶναι’
1348 1126 1431 1184 φησι.
1441 1104 1464 1179 ¹)
1510 1100 1654 1166 Plurimis
1677 1101 1865 1168 adversariis
1886 1101 1961 1185 Epi·

314 1234 407 1278 curus
429 1213 461 1277 in
472 1210 666 1278 defendenda
678 1209 815 1293 eorporis
838 1208 985 1272 divisione
1005 1206 1095 1272 finita
1117 1214 1149 1273 et
1168 1216 1259 1293 parte
1270 1218 1410 1275 extrema
1431 1211 1480 1275 vel
1499 1212 1627 1276 minima
1638 1214 1818 1297 opposuisse
1828 1213 1960 1279 videtur.

318 1324 583 1408 APeripateticis
604 1323 635 1387 in
657 1320 717 1385 lroe
739 1319 872 1384 maxime
894 1318 1030 1397 dissidet,
1052 1318 1136 1402 quod
1166 1319 1212 1383 illi
1238 1321 1346 1385 volunt
1367 1343 1458 1386 omno
1490 1343 1602 1406 corpus
1623 1324 1656 1387 in
1687 1330 1794 1408 partes
1825 1322 1963 1388 infinitas
1998 1360 2003 1369 ,

314 1435 413 1500 secari
435 1456 539 1519 posse,
572 1455 672 1516 neque
692 1432 774 1496 ullas
795 1431 933 1526 corporis
954 1438 1059 1514 partes
1081 1430 1159 1495 adeo
1180 1452 1293 1514 parvas
1315 1452 1381 1496 esse
1401 1452 1500 1516 posse,
1533 1441 1653 1499 utnon
1674 1434 1795 1518 possint
1815 1432 1883 1497 fieri
1904 1432 1961 1496 mi·

314 1566 413 1626 nores,
434 1546 453 1615 i.
477 1567 502 1613 e.
523 1544 678 1609 infinitum
700 1542 777 1606 nihil
798 1541 922 1625 quidem
945 1562 1011 1606 esse
1029 1562 1064 1605 re
1086 1541 1141 1605 sed
1170 1546 1208 1626 τῇ
1237 1541 1378 1623 δυνάμει,
1407 1542 1491 1626 quod
1519 1544 1603 1609 idem
1632 1546 1729 1610 sensit
1748 1543 1961 1629 Empedocles.

313 1657 459 1741 Epicurei
481 1662 585 1720 autern
609 1660 719 1719 contra
741 1652 889 1735 cujusque
912 1651 1049 1735 corporis
1071 1659 1198 1716 censent
1219 1653 1361 1717 minimas
1388 1675 1454 1719 esse
1475 1662 1581 1738 partes
1602 1656 1621 1725 i
1645 1677 1670 1722 e.
1698 1655 1862 1740 ejusmodi,
1893 1654 1961 1738 qui-

314 1768 373 1833 bus
394 1767 499 1833 nullae
521 1767 641 1850 possint
662 1786 728 1829 esse
749 1764 898 1842 minores,
920 1762 962 1826 ad
984 1783 1062 1845 quas
1085 1784 1156 1827 cum
1178 1762 1344 1828 deventum
1364 1765 1412 1845 sit,
1435 1765 1576 1830 divisioni
1597 1766 1700 1831 nullus
1728 1768 1795 1851 jam
1828 1765 1961 1850 amplius

314 1879 356 1945 sit
375 1878 502 1944 relictus
523 1877 617 1942 loeus.
661 1875 814 1959 Epicurus
835 1874 868 1938 id
889 1873 1041 1965 imprimis
1051 1872 1430 1957 adversariisopposuisse
1444 1876 1574 1956 videtur,
1596 1884 1737 1942 atomum
1749 1875 1961 1961 magnitudine

316 2011 382 2057 esse
403 1987 579 2075 praeditam
600 2008 700 2070 neque
713 2007 779 2051 esse
790 1984 1048 2050 mathematicum
1069 1990 1228 2068 punctum.
1273 1984 1334 2049 Sed
1355 1986 1421 2069 ipse
1442 1988 1576 2053 multum
1598 1988 1752 2054 laboravit
1772 1989 1805 2053 in
1819 1987 1961 2072 partibus

314 2101 413 2166 atomi
435 2096 658 2180 distinguendis
680 2104 712 2162 et
733 2094 914 2160 definiendis
935 2095 969 2158 in
989 2094 1077 2173 libro,
1108 2097 1162 2177 qui
1182 2096 1350 2180 inscriptus
1372 2105 1420 2162 est
1448 2103 1514 2183 περὶ
1540 2102 1650 2183 γωνίας
1679 2101 1810 2181 ἀτόμου.
1853 2099 1960 2164 Brevis

315 2211 453 2276 Lucretii
474 2209 513 2273 de
534 2207 594 2273 hac
615 2229 650 2273 re
671 2208 840 2291 disputatio
863 2205 901 2285 (I,
923 2207 985 2271 599
999 2242 1040 2252 -
1053 2205 1129 2285 634)
1162 2204 1352 2270 luculentum
1385 2207 1516 2292 praebet
1547 2210 1722 2293 exemplum
1754 2211 1831 2274 artis
1863 2229 1961 2292 prope

315 2321 519 2401 incredibilis,
553 2339 617 2403 qua
650 2319 790 2402 magistri
823 2317 993 2383 sententias
1021 2315 1119 2388 fusius
1139 2315 1288 2400 probatas
1310 2318 1341 2380 in
1364 2316 1487 2383 brevius
1509 2320 1678 2400 contrahit,
1711 2321 1757 2385 ita
1787 2328 1893 2385 tamen
1925 2324 1961 2384 ut

317 2433 411 2513 nihil,
445 2431 528 2516 quod
551 2430 700 2515 gravioris
730 2429 880 2495 momenti
906 2431 1080 2513 putandum
1113 2432 1167 2509 sit,
1201 2430 1339 2495 omisisse
1372 2430 1521 2497 videatur.
1565 2431 1702 2496 Lucretii
1734 2431 1963 2514 argumentatio

318 2543 416 2609 multo
437 2543 560 2628 planior
580 2541 646 2606 sore
678 2541 812 2621 videtur,
845 2542 871 2605 si
892 2549 1111 2624 argumentum
1133 2541 1171 2607 de
1190 2541 1365 2606 differentia
1384 2543 1606 2626 magnitudinis
1628 2544 1758 2629 (609-
1771 2543 1848 2628 622)
1871 2541 1963 2607 alteri

317 2655 515 2741 (aas-608)
539 2654 577 2719 de
598 2656 724 2720 notione
746 2652 884 2737 corporis
895 2660 1052 2718 extremae
1073 2654 1173 2736 partis
1194 2653 1397 2736 praemissum
1409 2659 1498 2733 esset,
1520 2656 1567 2719 ita
1588 2661 1624 2719 ut
1644 2653 1703 2719 hoo
1724 2660 1797 2719 ante
1819 2653 1959 2738 probato,

316 2767 462 2831 minimas
483 2773 588 2850 partes
610 2765 785 2831 necessario
806 2764 1038 2831 constituendas
1060 2786 1135 2845 esse,
1157 2763 1268 2829 deinde
1290 2765 1329 2828 de
1349 2765 1425 2850 ipsis
1445 2766 1506 2831 illis
1537 2766 1695 2849 partibus,
1728 2766 1837 2849 quales
1858 2771 1961 2831 essent

319 2882 352 2941 et
373 2876 528 2961 quomodo
550 2877 582 2941 in
602 2877 717 2942 atomis
737 2878 928 2961 conjunctae,
950 2884 1165 2960 exponeretur.
1206 2875 1276 2960 Ipse
1297 2875 1450 2960 Epicurus
1479 2876 1562 2941 hunc
1589 2877 1729 2942 ordinem
1762 2876 1888 2941 exhibet
1908 2898 1958 2960 ap.
2075 2950 2078 2958 ,

315 2990 404 3074 Diog.
426 2990 461 3058 L.
483 2992 524 3055 56
546 2994 649 3073 sqq.²)

384 3102 431 3183 (a)
451 3101 537 3184 Epic.
558 3121 608 3184 ap.
631 3099 721 3182 Diog.
742 3097 777 3162 L.
800 3100 850 3166 56.
873 3097 925 3169 δῖ.
968 3099 1005 3161 οὗ
1026 3098 1075 3160 δεῖ
1092 3100 1221 3177 νομίζειν
1243 3098 1275 3160 ἓν
1306 3102 1351 3186 τῷ
1371 3098 1528 3185 ὡρισμένῳ
1551 3099 1669 3181 σώματι
1692 3098 1834 3182 ἀπείρους
1855 3096 1962 3181 ὄγκους

318 3212 392 3279 εἶναι
415 3214 480 3279 odd’
502 3211 719 3296 ὁπηλικουςοῦν
753 3247 797 3258 -
840 3206 910 3272 odat
930 3206 990 3291 γάρ
1012 3205 1089 3280 ὅλως
1111 3203 1233 3268 ἐπειδᾶν
1255 3205 1337 3284 ἅπαξ
1358 3233 1400 3282 τις
1426 3207 1492 3294 εἴπῃ
1515 3206 1560 3274 ὅτι
1583 3205 1702 3291 ἄπειροι
1725 3205 1807 3291 ὄγκοι
1840 3208 1872 3273 ἕν
1903 3233 1961 3273 τινι

316 3323 509 3408 ὑπάρχουσιν
529 3323 549 3407 ἤ
571 3319 769 3404 ὄπηλικοιοῦν,
792 3317 853 3383 ἔπι
876 3324 982 3402 νοῆσαι
1004 3320 1068 3391 πῶς
1088 3313 1115 3382 τ’
1136 3313 1176 3377 ἂν
1197 3315 1238 3381 ἔτι
1262 3318 1488 3400 πεπερασμένον
1509 3323 1601 3383 τοῦτο
1624 3320 1668 3404 εἴη
1690 3317 1725 3382 td
1747 3320 1889 3402 μέγεθος.

388 3436 436 3519 (d)
457 3433 494 3499 In
515 3433 564 3499 his
585 3453 656 3496 eum
677 3431 841 3496 lectionem
857 3446 972 3511 sequar
993 3428 1033 3492 ab
1054 3427 1197 3493 omnibus
1219 3427 1388 3493 editoribus
1411 3429 1559 3512 rejectam
1573 3435 1670 3513 atque
1691 3431 1859 3497 varietates
1881 3432 1962 3516 ejus·
2037 3450 2040 3455 ’

318 3545 402 3611 modi
423 3544 499 3626 sint,
518 3550 555 3608 ut
575 3544 608 3606 in
629 3541 811 3625 gravissima
832 3538 993 3603 doctrinae
1014 3543 1106 3622 parte
1127 3537 1297 3602 sententias
1325 3537 1418 3621 plane
1445 3541 1619 3605 contrarias
1640 3540 1785 3605 Lucretio
1813 3542 1962 3623 tribuant,

316 3655 492 3721 accuratior
512 3652 551 3718 de
573 3651 633 3717 bac
654 3673 688 3715 re
710 3650 851 3733 quaestio
872 3646 1063 3712 instituenda
1083 3652 1140 3712 est.

387 3766 502 3833 Versus
524 3764 547 3846 Ι,
571 3764 632 3830 628
655 3784 722 3845 sqq.
745 3759 831 3845 apud
852 3757 1046 3837 Lambinum,
1069 3778 1160 3840 quem
1182 3764 1354 3841 sequuntur
1375 3759 1595 3826 Lachmannus
1627 3768 1659 3827 et
1681 3761 1882 3848 Bernaysius,
1915 3765 1962 3829 ita

317 3878 477 3963 leguntur:

742 3981 883 4065 Denique
904 3981 942 4045 ni
963 3978 1106 4044 minimas
1126 3979 1159 4043 in
1180 3986 1286 4064 partes
1305 3986 1420 4046 cuncta
1443 3981 1555 4047 resolvi

639 4094 756 4179 Cogere
778 4099 955 4160 consuesset
975 4114 1079 4158 rerum
1100 4099 1217 4159 natura
1238 4093 1380 4173 creatrix,

638 4203 706 4270 Iam
727 4203 804 4269 nihil
826 4225 864 4268 ex
886 4202 955 4269 ollis
976 4201 1085 4268 eadem
1107 4224 1253 4289 reparare
1274 4203 1408 4270 valerett

639 4313 809 4399 Propterea
830 4313 913 4397 quia,
935 4334 1017 4398 quae
1037 4313 1175 4378 maltis
1197 4319 1271 4379 sunt
1290 4312 1432 4397 partibus
1454 4319 1555 4394 aucta,

639 4427 709 4493 Non
729 4433 860 4511 possunt
880 4448 926 4508 ea,
948 4448 1029 4511 quae
1050 4424 1144 4489 debet
1165 4422 1307 4507 genitalis
1327 4421 1443 4488 habere

635 4537 790 4618 Materies,
811 4537 913 4602 varios
933 4557 1097 4614 connexus,
1118 4533 1266 4618 pondera,
1286 4532 1403 4617 plagas,

638 4646 823 4732 Concursus,
844 4654 955 4729 motus,
976 4668 1033 4732 per
1054 4666 1133 4732 qnos
1154 4665 1204 4710 res
1226 4664 1367 4727 quaeque
1388 4650 1546 4729 geruntur.

386 4820 409 4886 1)
426 4820 547 4874 amon.
564 4821 584 4874 r.
601 4821 619 4871 r
635 4837 660 4886 p.
679 4824 737 4876 sis.
