4400 5584
1090 530 1137 611 15

250 749 363 812 corpus
384 749 514 809 merum,
536 750 594 793 nec
615 750 743 814 prorsus
764 732 864 811 inane,
887 732 941 796 sed
964 753 1093 817 corpore
1116 739 1148 799 et
1167 735 1254 799 inani
1274 734 1463 800 distinctum.
1507 734 1587 799 Nam
1610 741 1642 800 et
1668 735 1701 800 in
1730 735 1814 800 inani
1845 734 1978 818 primor-

249 837 303 903 dia
325 838 633 905 assidue'morentur
655 848 687 905 et
708 842 801 906 inane
823 843 1004 927 corporibus
1026 845 1128 910 locum
1149 844 1289 928 praebet,
1312 844 1367 910 ubi
1387 854 1578 914 moveantur.
1599 885 1643 897 -
1665 845 1822 929 Quidquid
1843 847 1979 930 gignitur

250 947 430 1013 dissolvitur
451 956 547 1034 atque
568 951 676 1017 interit
696 950 745 1015 vel
765 950 879 1017 ictibus
901 956 1091 1020 extrinsecus
1112 954 1245 1036 inflictis,
1266 956 1313 1022 rel
1336 959 1457 1021 interno
1472 956 1578 1040 aliquo
1588 956 1671 1020 vitio.
1715 955 1855 1041 Corpora
1875 957 1979 1041 prima

250 1067 358 1125 antem
378 1059 464 1125 nullo
485 1060 578 1128 modo
601 1060 726 1128 dissolvi
746 1069 803 1127 aut
822 1063 1007 1130 labefactari
1034 1074 1091 1131 aut
1116 1066 1264 1151 perfringi
1285 1075 1423 1151 possunt.
1466 1066 1617 1133 Constant
1648 1068 1743 1151 igitur
1773 1064 1874 1133 solida
1905 1069 1979 1133 sim·

250 1171 390 1256 plicitate
412 1170 444 1237 id
466 1179 514 1238 est
535 1180 608 1239 sunt
629 1173 816 1240 sohdissima
838 1182 870 1239 et
891 1176 1126 1259 simplicissima,
1153 1178 1261 1260 itaque
1281 1184 1355 1242 sunt
1383 1185 1512 1243 aeterna
1540 1178 1599 1264 (b).
1643 1177 1759 1255 Quodsi
1787 1200 1849 1243 non
1877 1184 1980 1245 essent

132 1364 136 1369 .
250 1280 445 1363 solidissime,
467 1285 630 1350 interirent
650 1307 751 1368 neque
772 1292 902 1352 aeterna
923 1292 1033 1353 essent.
1078 1286 1219 1371 Corpora
1249 1290 1353 1372 prima
1385 1289 1410 1353 si
1441 1289 1613 1370 interirent,
1644 1295 1701 1353 aut
1732 1311 1794 1354 non
1826 1288 1980 1357 haberent

205 1398 211 1412 ¹
249 1415 301 1460 res
322 1395 481 1461 naturales
503 1396 598 1461 semel
620 1404 778 1480 peremtas
799 1399 881 1463 unde
903 1397 1111 1479 reficerentur,
1132 1406 1189 1464 ant
1210 1421 1248 1462 ex
1269 1398 1365 1463 nihilo
1382 1397 1590 1479 reficerentur,
1613 1399 1697 1482 quod
1717 1398 1785 1465 fieri
1805 1422 1868 1466 non
1888 1423 1980 1486 posse

249 1506 417 1591 probatum
438 1512 494 1576 est.
539 1508 607 1572 llac
629 1529 753 1591 qnoque
773 1529 808 1574 re
829 1508 981 1592 probatur
999 1511 1172 1594 primordia
1200 1532 1305 1574 rerum
1327 1510 1512 1575 solidissima
1534 1532 1615 1590 esse,
1647 1510 1731 1593 quod
1753 1512 1896 1593 quamvis
1916 1512 1979 1578 sint

249 1617 330 1683 talia
351 1623 483 1702 possunt
504 1623 611 1683 tamen
632 1620 664 1683 in
679 1620 779 1715 ¹rebus
801 1620 960 1702 gignendis
981 1620 1049 1685 fieri
1070 1620 1177 1685 mollia
1207 1620 1307 1684 inanis
1339 1621 1530 1701 interventu,
1562 1627 1598 1685 ut
1619 1621 1664 1685 ita
1686 1642 1725 1685 ex
1756 1620 1793 1684 iis
1825 1620 1882 1684 fiat
1913 1625 1979 1701 adr,

250 1746 343 1812 aqua,
365 1748 512 1813 vapores3
535 1735 569 1793 at
590 1730 616 1794 si
639 1736 742 1794 essent
763 1749 821 1794 sua
842 1736 957 1795 natura
978 1730 1094 1811 mollia,
1124 1752 1185 1796 non
1207 1737 1335 1815 possent
1356 1753 1394 1795 ex
1415 1731 1454 1796 iis
1475 1730 1543 1796 fieri
1564 1732 1672 1812 silices,
1694 1730 1818 1810 ferrum,
1840 1733 1979 1815 adamas,

250 1839 373 1904 similia.
416 1838 577 1904 Postremo
600 1860 671 1904 cnm
693 1839 780 1904 nulla
800 1862 850 1905 res
872 1842 978 1923 genita
1000 1861 1091 1907 suam
1114 1841 1324 1907 condicionem
1351 1847 1452 1907 mutet
1472 1849 1529 1907 aut
1561 1864 1582 1907 a
1613 1865 1669 1908 suo
1702 1842 1839 1908 naturali
1872 1845 1980 1911 ordine

251 1948 401 2029 discedat,
423 1949 518 2013 immo
540 1970 613 2015 vero
636 1950 886 2016 constantissime
907 1951 1005 2034 legem
1027 1973 1048 2017 a
1069 1958 1185 2017 natura
1207 1952 1395 2038 descriptam
1416 1960 1532 2032 seruet,
1565 1953 1646 2019 adeo
1667 1962 1703 2019 ut
1724 1955 1808 2019 corvi
1829 1957 1909 2039 nigri
1940 1979 1980 2022 ex

251 2058 351 2125 corvis
371 2065 542 2123 nascantur
563 2065 595 2122 et
616 2061 703 2144 cycni
725 2080 742 2125 e
764 2060 866 2146 cycnis
888 2061 1012 2126 candidi
1033 2063 1213 2146 gignantur,
1247 2063 1411 2129 dicendum
1432 2066 1529 2130 etiam
1551 2071 1606 2144 est,
1639 2066 1741 2148 prima
1762 2087 1908 2151 corpora,
1940 2090 1980 2134 ex

251 2170 364 2254 quibus
386 2182 492 2234 cetera
513 2175 664 2251 constent,
685 2171 893 2236 immutabilia
915 2160 1003 2237 esse'

405 2279 559 2358 Quoniam
579 2301 652 2347 vero
674 2280 716 2347 ad
737 2280 770 2347 id
791 2289 942 2367 punctum
963 2292 996 2352 et
1017 2305 1166 2351 cacumen
1189 2286 1319 2370 quodvis
1342 2308 1453 2371 corpus
1475 2286 1572 2351 minui
1592 2292 1697 2370 potest
1718 2293 1754 2351 ut
1774 2286 1805 2351 id
1823 2289 1891 2371 jam
1914 2307 1980 2353 cer·

251 2410 325 2456 nere
346 2409 545 2476 nequeamus,
568 2390 601 2457 id
623 2413 783 2471 cacumen,
817 2394 900 2477 quod
918 2396 987 2478 jam
1009 2395 1067 2459 sub
1089 2402 1251 2479 aspectum
1273 2417 1335 2461 non
1356 2396 1451 2477 cadit,
1482 2397 1624 2481 partibus
1647 2403 1735 2462 caret
1765 2403 1797 2462 et
1817 2398 1979 2462 minimum

250 2508 298 2568 est
319 2503 352 2568 id
373 2509 422 2569 est
442 2524 505 2568 non
525 2509 630 2588 potest
650 2525 717 2569 esse
738 2505 841 2571 minus
862 2527 967 2589 quam,
985 2513 1040 2573 est
1084 2505 1192 2589 Neque
1213 2506 1246 2572 id
1268 2508 1406 2591 corporis
1439 2529 1588 2572 cacumen
1608 2507 1668 2573 fuit
1700 2529 1837 2591 unquam
1870 2526 1891 2572 a
1922 2529 1979 2574 suo

251 2620 320 2680 toto
340 2621 495 2681 secretum
516 2620 574 2680 aut
594 2636 651 2699 per
673 2637 705 2680 se
726 2636 828 2699 neque
848 2638 916 2683 esse
936 2619 1065 2702 poterit,
1095 2619 1244 2701 quoniam
1271 2619 1373 2702 ipsum
1395 2618 1523 2684 alterius
1554 2640 1628 2703 pars
1659 2625 1714 2684 est.
1757 2616 1864 2684 Prima
1885 2618 1981 2703 igitur

253 2742 387 2808 corpora
408 2725 586 2790 minimis
605 2725 795 2809 partibus
816 2728 975 2811 stipata
996 2733 1083 2793 arte
1111 2728 1348 2808 cohaerent,
1378 2751 1439 2794 non
1461 2750 1523 2813 quo
1545 2750 1583 2794 ex
1604 2729 1741 2794 ullarum
1761 2748 1867 2794 rerum
1889 2736 1980 2794 coetu

252 2839 347 2918 atque
370 2854 535 2918 congressu
557 2843 702 2901 concreta
725 2838 795 2917 sint,
818 2839 872 2903 sed
894 2846 967 2903 sunt
988 2838 1216 2923 simplicissima
1237 2845 1269 2904 et
1290 2839 1476 2904 solidissima
1498 2846 1530 2904 et
1550 2839 1597 2905 ita
1619 2846 1790 2924 compacta,
1822 2846 1858 2904 ut
1880 2858 1981 2924 neque

251 2943 354 3030 frangi
377 2964 476 3029 neque
498 2946 624 3012 dissolvi
644 2947 707 3012 ullo
729 2948 822 3013 modo
843 2950 971 3032 possint.
1013 2947 1096 3014 Nam
1117 2950 1144 3015 si
1165 2946 1268 3015 nullus
1298 2956 1381 3014 esset
1408 2947 1478 3014 finis
1507 2948 1678 3033 frangendi,
1711 2949 1788 3015 nibil
1818 2950 1982 3017 interesset

250 3054 334 3120 inter
364 3078 433 3122 rem
454 3058 627 3122 maximam
658 3065 691 3123 et
723 3059 892 3139 minimam,
925 3060 1072 3142 quoniam
1105 3068 1238 3143 utraque
1269 3081 1319 3125 res
1350 3042 1490 3126 infinitas
1522 3068 1628 3144 partes
1659 3062 1778 3145 pariter
1810 3061 1982 3128 contineret

251 3166 383 3249 ideoque
404 3172 539 3251 utraque
560 3174 642 3235 esset
662 3166 783 3234 infinita
804 3169 860 3255 (c).
903 3166 1031 3235 Accedit
1053 3169 1145 3253 quod,
1167 3172 1193 3235 si
1214 3177 1332 3236 natura
1359 3192 1411 3237 res
1433 3190 1539 3238 omnes
1566 3180 1689 3238 creatas
1711 3175 1743 3238 in
1764 3181 1870 3259 partes
1892 3176 1981 3241 mini-

251 3290 320 3340 mas
341 3275 437 3340 dividi
457 3298 495 3341 ac
517 3279 643 3345 dissolui
665 3288 797 3365 cogeret,
819 3278 896 3345 nibil
919 3303 956 3346 ex
979 3278 1041 3347 illis
1061 3279 1206 3365 partibus
1227 3281 1371 3366 reparari
1389 3291 1511 3366 posset;
1533 3302 1615 3367 quaa
1636 3285 1718 3348 enim
1737 3285 1828 3350 nullis
1838 3286 1983 3370 partibus

256 3392 409 3467 coustant,
429 3402 493 3454 non
513 3397 646 3474 possunt
668 3404 723 3457 eas
743 3413 794 3457 res
815 3390 932 3457 habere
954 3392 1067 3478 quibus
1088 3391 1220 3457 materia
1241 3412 1319 3475 opus
1341 3392 1452 3457 estad
1473 3414 1523 3458 res
1545 3392 1722 3477 gignendae,
1743 3397 1847 3460 uarias
1868 3396 1985 3482 plagas,

251 3497 398 3581 pondera,
420 3520 576 3568 connexus
599 3502 659 3590 (d).
702 3502 843 3587 Denique
865 3504 891 3569 si
913 3524 1046 3590 corpora
1066 3504 1170 3588 prima
1191 3499 1293 3586 fragili
1313 3509 1427 3567 natura
1440 3503 1585 3588 praedita
1596 3511 1705 3585 essent,
1727 3528 1789 3571 non
1810 3509 1985 3592 potuissent

252 3607 362 3674 eadem
384 3612 425 3676 ab
446 3621 574 3679 aeterno
595 3618 736 3698 tempore
757 3614 800 3679 ad
828 3615 911 3680 buno
932 3615 1014 3681 diem
1045 3615 1168 3698 integra
1200 3634 1239 3680 ac
1272 3615 1361 3681 salva
1393 3636 1568 3697 remanere,
1602 3637 1673 3681 cum
1705 3616 1840 3683 assiduis
1870 3618 1985 3684 ictibus

251 3720 382 3789 fuissent
403 3726 567 3791 verberata
587 3747 626 3791 ac
646 3732 767 3792 renam.
811 3726 908 3809 Atqui
941 3725 1029 3791 salva
1060 3730 1092 3790 et
1123 3724 1290 3793 incolumia
1321 3736 1553 3809 remanserunt,
1585 3728 1702 3812 alioqui
1733 3748 1784 3795 res
1817 3752 1855 3795 ex
1887 3730 1985 3797 nihilo

252 3832 463 3907 reficerentur.
506 3837 590 3921 Ειρο
612 3854 746 3921 corpora
766 3837 870 3921 prima
891 3843 964 3902 sunt
985 3836 1171 3902 solidissima
1181 3858 1281 3921 neque
1302 3837 1405 3921 fragili
1426 3844 1542 3904 natura
1562 3839 1706 3924 praedita
1727 3846 1817 3906 etest
1838 3841 1871 3906 in
1891 3841 1985 3908 rebus

252 3944 371 4029 aliquid
393 3947 555 4012 minimum
577 3953 610 4012 et
629 3946 869 4031 frangendarum
891 3969 996 4013 rerum
1017 3947 1127 4014 modus
1147 3955 1180 4015 et
1200 3949 1271 4015 finis
1292 3950 1414 4035 aliquis.
1833 4006 1835 4009 .

405 4058 451 4139 (a)
474 4055 628 4139 Epicurus
649 4074 701 4140 ap.
724 4056 812 4140 Diog.
835 4057 870 4127 L.
892 4057 930 4137 X,
960 4057 1010 4127 40.
1033 4057 1084 4126 41.
1129 4065 1155 4125 εί
1181 4061 1225 4146 μή
1252 4055 1290 4147 ἦν
1313 4057 1331 4127 d
1363 4059 1452 4125 κενόν
1478 4066 1529 4126 καὶ
1557 4062 1664 4148 χώραν
1692 4067 1740 4128 καὶ
1769 4062 1875 4148 ἀκαρῆ
1895 4064 1987 4150 paloor

337 4165 537 4248 ὀνομάζομεν,
561 4166 616 4232 oda
638 4166 678 4231 dr
699 4166 758 4250 εἶχε
778 4165 818 4231 ul
841 4167 970 4252 σώματα
993 4162 1072 4234 ὅπου
1094 4161 1133 4256 ἦν
1154 4169 1226 4235 aridi
1255 4170 1292 4235 δι’
1314 4162 1351 4237 οὗ
1384 4173 1517 4248 ἐκινεῖτο,
1551 4172 1694 4256 καθάπερ
1716 4174 1851 4260 φαίνεται
1883 4174 1985 4238 arrod-

335 4299 422 4358 μικυ.
444 4309 484 4324 -
507 4282 570 4343 τῶν
592 4276 747 4358 σωμυίτωυ
768 4277 809 4344 ια’
829 4280 887 4362 μίν
907 4278 970 4344 ἔστι
995 4285 1175 4365 συγκρίσεις,
1196 4282 1236 4348 ια’
1256 4283 1284 4347 d'
1305 4282 1336 4360 ἔξ
1358 4270 1402 4349 ὧν
1423 4281 1455 4344 υἱ
1487 4286 1655 4367 συγκρίσεις
1675 4282 1858 4362 πεποίηνται.
1890 4288 1987 4348 ταῦτα

335 4385 371 4449 δέ
391 4389 473 4451 ἐστιν
496 4384 598 4470 ἄτομα
620 4391 669 4452 καί
682 4385 892 4472 ἀμετάβλητα,
913 4386 994 4474 εἴπερ
1015 4386 1061 4475 μὴ
1081 4390 1293 4474 μίλλειυιιίιτα
1315 4394 1356 4470 είς
1375 4391 1412 4458 τό
1434 4390 1478 4479 μῆ
1499 4389 1534 4458 dr
1555 4390 1786 4479 φθαρίσεσθαι,
1810 4392 1875 4457 αλλ’
1895 4390 1986 4473 loxi-

336 4521 411 4562 οντα
430 4494 591 4578 ὑπομένειν
612 4500 645 4564 ἐκ
665 4508 733 4575 ταῖς
754 4499 908 4566 διαλύσεσι
929 4506 993 4566 τῶν
1016 4502 1209 4586 συγκρίσεων,
1238 4499 1336 4586 πλήρη
1357 4500 1413 4585 τήν
1436 4501 1530 4586 φύσιν
1551 4497 1625 4566 ὄντα
1646 4504 1695 4565 καὶ
1717 4500 1772 4568 οὐκ
1792 4501 1902 4582 ἔχοντα
1927 4498 1987 4588 ὅπη

335 4603 355 4691 ἦ
376 4603 461 4683 ὅπως
482 4606 709 4692 διαλυθήσεται.

404 4714 451 4799 (b)
475 4715 652 4785 Secundum
673 4714 888 4784 Democritum
922 4720 1108 4805 corpuscula
1136 4728 1209 4788 sunt
1241 4721 1408 4793 individua.
1453 4721 1536 4787 Nam
1568 4722 1595 4787 si
1627 4742 1739 4806 corpus
1769 4721 1802 4785 in
1834 4721 1991 4818 infinitum

336 4828 419 4890 esset
440 4823 648 4909 dividendum,
670 4829 808 4914 corporis
829 4829 1011 4914 magnitudo
1030 4832 1069 4896 iis
1089 4832 1165 4917 ipsis
1186 4839 1351 4915 constaret,
1374 4854 1455 4918 quae
1478 4839 1622 4901 merent
1643 4831 1866 4915 magnitudine.
1899 4832 1990 4911 Quod

344 4952 416 4999 cnm
437 4944 572 5019 nequeat
603 4937 680 5021 fieri,
713 4940 869 5026 principia
889 4963 995 5007 rerum
1025 4942 1158 5010 indivisa
1184 4944 1368 5029 corpuscula
1401 4966 1468 5012 esse
1501 4958 1563 5030 par
1587 4949 1648 5010 est
1692 4942 1750 5009 llla
1780 4966 1854 5010 nero
1885 4946 1989 5029 prima
