4400 5584
1093 481 1130 561 9.

239 710 257 755 e
288 693 376 754 certa
397 687 530 755 metens
562 688 716 772 certisque
748 686 917 753 seminibus
950 705 1003 753 ecs
1033 686 1121 752 nesci
1151 684 1385 752 concedendum
1412 692 1468 757 est
1512 684 1653 771 Denique
1678 708 1776 753 venus
1803 687 1972 774 irritusque

240 805 323 867 esset
342 798 435 866 lebor‘
448 806 546 883 'egros
567 797 713 864 menibus
733 797 916 878 colentium,
938 796 999 861 nisi
1021 802 1108 863 certe
1127 796 1264 864 inessent
1287 804 1391 863 terroe
1412 797 1538 878 semine,
1566 818 1647 883 quus
1667 798 1787 865 arendo
1813 799 1847 864 in
1869 799 1971 866 lucem

240 915 459 997 provocentur.
479 947 523 961 -
798 972 802 985 .
1420 978 1425 989 ,
1838 899 1841 903 ’

392 1020 491 1109 Porro
512 1020 622 1087 nihil
643 1021 683 1087 in
703 1018 873 1086 nihilum
894 1017 1063 1089 reducitur.
1107 1016 1140 1083 Si
1161 1018 1245 1085 enim
1267 1038 1317 1084 res
1337 1018 1371 1084 in
1392 1017 1523 1083 nihilum
1543 1017 1714 1100 interirent,
1735 1017 1822 1085 nulle
1841 1019 1873 1085 vi
1893 1040 1972 1106 opus

240 1133 331 1215 esset,
354 1132 434 1218 quse
455 1131 563 1218 purtes
585 1131 651 1217 ejus
672 1131 719 1196 rei
739 1150 821 1216 quus
841 1128 959 1216 periret
980 1128 1169 1195 discinderet
1185 1149 1224 1194 sc
1246 1128 1442 1208 dissolveret,
1465 1128 1521 1194 sed
1531 1128 1636 1195 omnis
1645 1129 1743 1196 oculis
1763 1131 1878 1197 nostris
1898 1130 1972 1199 suu

241 1245 338 1312 ductu
356 1250 486 1330 repente
507 1248 735 1310 evanescerent
777 1240 947 1308 Pruetcree
969 1261 1173 1325 quoscunque
1196 1240 1282 1307 senio
1303 1245 1336 1307 et
1356 1245 1512 1306 vetustate
1537 1239 1709 1321 intereunt,
1740 1240 1768 1306 si
1799 1262 1838 1308 eu
1868 1243 1973 1310 omniu

240 1355 380 1423 funditus
400 1360 433 1422 et
452 1354 577 1440 penitus
599 1359 632 1420 et
653 1352 738 1420 omni
758 1373 799 1418 ex
817 1356 909 1438 purte
931 1352 1097 1433 intereunt,
1119 1350 1204 1417 uude
1225 1350 1374 1418 enimclic
1400 1371 1457 1417 suo
1485 1371 1627 1435 quaeque
1645 1350 1679 1416 in
1700 1372 1812 1436 genere
1832 1355 1974 1439 reparari

240 1467 392 1554 possunt?
434 1464 502 1533 Nisi
534 1470 637 1532 essent
667 1463 858 1531 immortalis
886 1461 1041 1547 quaedem
1073 1461 1201 1542 semiue,
1233 1481 1315 1547 quse
1346 1459 1540 1527 dissolutioni
1572 1473 1738 1546 corporum
1767 1471 1972 1549 superessent,

240 1576 363 1644 infinito
383 1595 538 1643 annorum
559 1576 647 1655 serie,
669 1595 750 1659 quse
771 1574 934 1659 proeteriit
959 1594 979 1639 e
1000 1571 1245 1657 mundiorigine,
1267 1572 1367 1638 omnis
1388 1572 1521 1640 muteris
1540 1571 1664 1658 penitus
1678 1580 1863 1659 cousumpta
1884 1581 1973 1660 esset,

240 1693 277 1754 ut
295 1688 361 1772 jum
382 1684 460 1751 nihil
481 1685 557 1752 oriri
577 1690 692 1771 posset.
735 1682 877 1766 Denique
898 1682 926 1748 si
946 1679 1093 1749 meuriss
1114 1702 1177 1749 non
1199 1688 1282 1749 esset
1301 1684 1444 1765 esterna,
1471 1683 1493 1750 i.
1513 1703 1541 1753 e.
1562 1683 1589 1749 si
1609 1704 1672 1750 nou
1693 1691 1796 1751 essent
1815 1687 1972 1771 quaedum

242 1796 541 1883 corpusculuprims
558 1788 856 1879 immcr'tslisatqu'e
872 1793 920 1860 itu
934 1792 1048 1875 solido,
1075 1793 1208 1860 utnullo
1229 1793 1294 1860 ictu
1314 1792 1464 1879 perfringi
1484 1799 1625 1879 possent,
1647 1800 1680 1861 et
1700 1796 1727 1862 si
1747 1795 1826 1863 haec
1847 1804 1976 1868 semna

240 1926 374 1994 corpore
392 1928 456 1974 uon
477 1906 673 1974 continerent
691 1904 750 1972 res
763 1904 884 1989 genitus
904 1904 1004 1989 msgis
1024 1910 1082 1971 eut
1103 1906 1205 1972 minus
1225 1905 1308 1971 inter
1328 1925 1362 1971 se
1381 1903 1557 1990 implicatas
1578 1910 1611 1971 et
1632 1925 1794 1989 connexus,
1815 1908 1974 1994 quaelibet

240 2019 287 2085 vi's
297 2024 330 2085 et
339 2015 471 2102 quilibet
480 2021 585 2084 tectus
596 2021 630 2083 et
639 2014 748 2102 pulsus
766 2034 820 2081 ess
838 2013 1005 2083 dissolvere
1020 2021 1118 2099 etque
1138 2015 1316 2082 interimere
1336 2021 1456 2102 posset3
1477 2021 1678 2083 runcantem
1697 2018 1772 2102 quis
1788 2025 1821 2086 et
1841 2040 1974 2107 corporu

240 2124 1419 2215 primssuntseternsstresgenitceeliosuliismsgissuntinterse
1443 2128 1974 2209 connexssesetumdiumcnent

241 2239 426 2318 incolumes,
452 2237 552 2305 donec
577 2238 625 2304 vis
646 2238 723 2305 setis
743 2242 855 2324 potens
876 2256 914 2303 ec
934 2235 1040 2302 vulids
1060 2256 1119 2320 pro
1140 2236 1291 2321 cujusque
1322 2236 1369 2301 rei
1399 2240 1526 2302 texture
1555 2236 1590 2303 in
1621 2257 1674 2304 ees
1703 2238 1848 2307 inciderit
1878 2247 1974 2329 etque

243 2350 419 2417 incurrerit.
464 2348 618 2428 Quoniam
639 2354 746 2415 sutem
765 2369 817 2415 res
838 2349 1004 2433 pleraeque
1026 2352 1108 2428 sunt,
1130 2366 1211 2430 quse
1225 2365 1298 2412 curn
1308 2346 1517 2413 dissoluuntur
1537 2347 1584 2412 itu
1604 2348 1750 2416 morum
1769 2351 1974 2440 manibusque

236 2465 443 2541 evanescunt,
464 2465 501 2526 ut
520 2479 650 2546 prorsus
659 2459 763 2545 perire
773 2458 871 2526 videri
881 2459 1010 2545 possint,
1030 2455 1219 2524 monendum
1230 2462 1280 2523 est
1289 2457 1406 2525 imbres
1426 2458 1519 2544 ipsos,
1540 2459 1594 2543 qui
1614 2456 1648 2524 in
1667 2465 1785 2528 terrem
1803 2463 1975 2533 incidentes

243 2571 379 2638 maxime
401 2589 585 2637 evanescere
605 2569 784 2650 videantur,
816 2589 880 2636 nou
900 2570 1012 2654 perire,
1044 2567 1100 2635 sed
1120 2568 1288 2635 materiem
1309 2569 1516 2655 suppeditare,
1548 2571 1631 2638 unde
1652 2570 1755 2657 fruges
1785 2573 1975 2661 arboresque

243 2685 432 2766 augeantur3
464 2679 532 2746 istis
553 2685 659 2745 autem
679 2676 821 2763 frugibus
839 2678 989 2760 homines,
1019 2675 1118 2761 feres,
1150 2699 1224 2746 sves
1256 2678 1354 2761 vesci3
1385 2680 1518 2766 ideoque
1549 2684 1676 2752 minime
1707 2685 1896 2754 credendum
1928 2695 1976 2756 est

243 2791 341 2858 ullum
360 2790 507 2857 imbrium
528 2788 718 2876 perticulam
738 2790 863 2874 penitus
895 2789 1033 2871 interire,
1065 2809 1136 2856 cum
1157 2795 1207 2856 tot
1231 2795 1401 2875 tnntceque
1432 2812 1483 2858 res
1511 2813 1550 2859 ex
1580 2794 1620 2861 iis
1649 2803 1844 2881 reperentur.
1886 2798 1973 2868 Nihil

245 2902 341 2988 igitur
361 2902 394 2967 in
414 2901 545 2967 nihilum
567 2900 749 2982 revertitur,
782 2921 854 2968 cum
885 2906 1000 2968 ustura
1019 2899 1106 2967 stud
1134 2921 1174 2967 ex
1194 2899 1257 2966 ulio
1289 2898 1410 2968 reficiet
1441 2922 1499 2968 nec
1530 2904 1701 2989 quidquam
1731 2909 1803 2975 novi
1834 2931 1973 2995 unquam

128 3079 130 3082 ,
243 3013 399 3100 producet
419 3013 496 3098 quin
516 3017 625 3078 ututur
646 3012 779 3078 muteris
798 3012 845 3077 rei
865 3017 960 3078 untes
980 3011 1158 3080 diswlutse.

449 3125 497 3211 (e)
518 3123 610 3190 Lucr.
631 3122 655 3189 Ι.
679 3121 741 3189 149
763 3143 810 3207 sq.
852 3121 1042 3208 Principium
1064 3125 1153 3209 cnjus
1171 3121 1243 3189 hinc
1264 3122 1355 3190 nobis
1376 3124 1506 3192 exordis
1525 3134 1636 3210 sumet,

451 3232 570 3300 nullum
590 3230 657 3299 r'sm
679 3253 696 3299 e
717 3226 781 3299 uilo
802 3232 886 3318 gigni
906 3232 1053 3300 divinitus
1073 3255 1231 3320 umquem.

349 3344 428 3413 Cum
448 3345 498 3412 his
519 3344 658 3411 versibus
680 3349 713 3410 et
732 3365 780 3414 vv.
801 3344 863 3410 215
886 3365 932 3429 sq.

591 3435 595 3442 ’
652 3453 723 3519 Huc
743 3453 865 3522 secedit
884 3456 932 3521 uti
953 3455 1086 3541 quicque
1106 3456 1140 3522 in
1161 3477 1218 3522 sus
1239 3476 1371 3542 corpcru
1390 3477 1514 3524 rursum

649 3565 801 3633 dissoluat
820 3571 938 3632 ustura
957 3586 1059 3651 nsque
1078 3565 1121 3633 sd
1142 3566 1240 3634 nilum
1261 3568 1428 3639 interemat
1447 3590 1505 3636 res.

398 3675 551 3763 Hsllier1)
573 3684 738 3763 comperet
758 3676 956 3763 Empedoclis
975 3674 1083 3746 versus
1104 3680 1155 3747 81.
1177 3679 1220 3747 82
1242 3679 1449 3766 (umente)

652 3791 685 3855 ἐκ
705 3793 763 3855 τοῦ
783 3788 844 3876 ydp
864 3788 908 3876 μή
931 3790 1033 3867 ἐόντος
1055 3792 1218 3878 ἀμήχανόν
1238 3792 1302 3858 ἔστι
1322 3794 1465 3875 γενέσθαι

653 3903 707 3964 καί
722 3903 749 3966 τ’
771 3900 823 3966 iir
843 3899 1028 3979 ἐξόλλυσθαι
1049 3900 1222 3995 οἶνῆνυστον
1242 3906 1292 3968 καὶ
1314 3899 1478 3989 ἄπρηκτον.
1506 3938 1550 3952 -
1977 3946 1979 3949 -

401 4003 503 4082 Quum
534 4009 720 4075 sententium
742 4010 925 4077 Aristoteles
947 4009 1023 4077 dicit
1043 4010 1201 4094 omnium,
1233 4013 1288 4098 qui
1310 4032 1449 4097 unquam
1470 4011 1510 4078 de
1529 4016 1644 4079 nature
1673 4013 1769 4081 locuti
1799 4016 1877 4099 sint,
1909 4036 1976 4085 esse

352 4135 556 4197 communem,
576 4115 655 4182 nihil
675 4139 715 4185 ex
735 4121 833 4188 nihilo
854 4119 930 4202 lieri,
951 4119 1033 4188 hunc
1053 4122 1218 4190 Lucretius
1240 4123 1333 4210 ponit
1355 4123 1461 4189 totius
1493 4124 1764 4211 contemplationis
1795 4133 1828 4194 et
1847 4129 1977 4197 rutiouis

348 4226 544 4311 principium.
587 4227 681 4295 Arist
701 4228 791 4316 phys.
812 4230 833 4301 l
854 4230 884 4313 I,
913 4228 945 4299 4.
965 4233 991 4293 ef
1011 4228 1071 4314 γὰρ
1092 4236 1154 4296 πᾶν
1173 4234 1231 4313 μὲν
1249 4234 1288 4300 τὰ
1310 4232 1469 4319 γινόμενον
1490 4232 1609 4320 ἀνάγκη
1629 4239 1765 4321 γίνεσθαι
1786 4235 1807 4323 ἢ
1828 4241 1859 4319 ἔξ
1878 4237 1976 4307 ὄντων

347 4336 412 4422 dtu
421 4334 464 4421 μή
479 4333 587 4416 ὄντων,
608 4336 727 4403 τούτων
734 4340 770 4404 ti
779 4340 816 4407 τᾶ
836 4342 893 4424 μὲν
903 4342 936 4405 ἐκ
948 4337 992 4425 μή
1008 4339 1106 4406 ὄντων
1115 4346 1254 4426 γίνεσθαι
1265 4341 1420 4409 ἀδύνατον
1434 4340 1516 4428 (περὶ
1528 4345 1589 4431 γάρ
1600 4345 1716 4431 ταύτης
1726 4344 1975 4433 ὁμογνωμονοῦσι

350 4451 406 4523 rr'c
417 4444 508 4530 δόξης
517 4446 630 4522 πάντες
639 4447 668 4512 ot
677 4451 745 4532 περὶ
756 4448 899 4536 φύσεως).
928 4447 1332 4534 cf.cic.decivin11‚1s.
1354 4453 1442 4537 „Nou
1463 4475 1536 4540 ergo
1558 4456 1696 4523 omnium
1716 4457 1860 4525 interitus
1881 4466 1976 4544 etque

350 4555 454 4623 obitus
472 4560 586 4622 natura
603 4556 746 4626 conficiet
762 4564 795 4626 et
812 4559 872 4626 erit
888 4557 1016 4644 aliquid,
1026 4559 1111 4645 quod
1122 4567 1178 4628 eut
1188 4582 1228 4627 ex
1237 4563 1334 4630 nihilo
1346 4564 1466 4632 orietur
1476 4575 1532 4633 sut
1544 4566 1578 4633 in
1591 4567 1723 4635 nibilum
1732 4569 1836 4636 subito
1846 4570 1977 4639 occidet

351 4665 427 4745 Quis
443 4665 502 4732 hoc
523 4666 670 4752 physicus
689 4668 770 4736 dixit
789 4672 951 4756 uuquam?
972 4668 1152 4756 haruspices
1172 4671 1307 4741 dicunt“
1319 4710 1361 4723 —
1382 4673 1505 4743 Primus
1516 4677 1717 4763 Anexogorm
1738 4678 1798 4746 hoc
1818 4679 1977 4766 placitum,

404 4870 426 4936 ¹)
444 4868 544 4922 Lucreti
562 4876 673 4926 carmine
689 4876 865 4944 strigmentis
883 4878 1042 4944 Empedoclis
1059 4877 1216 4935 adumbrate.
1251 4879 1310 4935 Jcn.
1328 4883 1394 4932 1857
1411 4899 1436 4949 p.
1454 4887 1494 4937 15.

404 4955 429 5021 ²)
446 4954 604 5023 Empedoclis
622 4964 760 5016 curminum
777 4965 904 5033 reliquias
939 4963 1021 5020 Amet
1039 4966 1114 5020 18³8.

1571 5065 1591 5131 2
