4400 5584
1036 510 1086 593 dd

193 711 314 793 dudm,
336 733 408 779 cum
431 709 639 795 conglobatae
657 710 830 797 procedant
851 718 884 779 et
903 734 962 797 per
981 717 1057 783 adra
1077 713 1161 781 uum
1181 711 1242 787 sibi
1262 717 1425 796 quaeram,
1455 708 1612 779 retardari
1632 730 1760 778 omnmo
1781 718 1838 794 est,
1860 732 1931 778 cum

192 823 373 912 primordia,
393 822 624 907 simplicissime
645 828 678 891 et
698 822 885 891 solidissima
906 843 1046 909 corpora,
1067 845 1125 907 per
1145 823 1238 890 inane
1258 823 1365 891 euntia
1385 822 1600 893 nihilomnino
1621 824 1760 909 sltquod
1779 825 1932 911 impedire

193 936 293 1022 pessit
314 936 372 1024 (c).
416 935 531 1003 Omnia
552 955 687 1020 carpum
706 955 766 1001 sua
785 935 816 1001 vi
836 940 933 1019 atque
953 939 1069 1003 natura
1088 933 1237 1003 deorsum
1266 934 1425 1015 tenuatum
1457 935 1570 1021 quodsi
1591 956 1655 1020 qua
1668 928 1843 1009 mudum
1863 958 1932 1004 sur-

193 1067 263 1117 sum
283 1044 436 1127 reantur,
456 1047 484 1111 is
503 1050 610 1111 motus
630 1050 680 1111 cst
702 1043 856 1113 violentus
876 1050 972 1128 utque
992 1042 1033 1114 ab
1054 1044 1195 1128 ipsorum
1215 1050 1332 1113 natura
1351 1046 1486 1128 ebenus,
1513 1053 1550 1115 ut
1569 1047 1656 1133 ligas
1675 1053 1788 1133 sponte
1803 1047 1932 1133 quidem

194 1176 252 1227 aua
272 1155 418 1225 dearum
437 1153 589 1236 munta,
610 1153 666 1224 sed
687 1154 721 1219 in
742 1172 857 1239 aquam
878 1170 983 1223 mena
1002 1154 1144 1237 pervim
1165 1160 1198 1220 et
1216 1157 1617 1242 expressionemquundam
1636 1180 1760 1231 sursum
1770 1164 1934 1227 moventur

193 1273 228 1337 at
248 1265 438 1352 rejiciuntur.
482 1265 604 1335 Eodem
624 1264 717 1335 modo
739 1263 868 1333 flamma
888 1286 952 1340 uon
972 1286 1031 1335 sua
1051 1267 1090 1346 vi,
1118 1266 1175 1334 scd
1195 1288 1363 1353 corporum
1383 1268 1617 1339 extrudendum
1642 1268 1779 1354 imprdsu
1809 1290 1933 1337 sursum

193 1378 302 1459 fatua
324 1376 499 1458 subruat
522 1376 640 1457 sanae
662 1375 801 1458 lulmua
822 1398 874 1447 res
894 1376 1033 1445 omnium
1052 1377 1257 1445 tenmuimae
1278 1385 1312 1446 et
1331 1378 1505 1449 levissimae
1525 1380 1559 1445 in
1579 1385 1698 1447 terram
1719 1378 1933 1462 decidantlfp

177 1488 258 1581 ⁸[Sed
277 1493 327 1557 eat
347 1493 474 1574 praeter
487 1488 567 1555 duos
587 1494 699 1570 motus,
721 1509 799 1573 quos
810 1489 1130 1587 commemoravimus,
1152 1490 1318 1570 tertius,
1339 1490 1394 1575 qui
1414 1488 1452 1557 fit
1471 1511 1528 1575 per
1549 1490 1862 1559 declinationem
1877 1499 1933 1576 (g).

194 1599 229 1669 ai
249 1600 331 1667 enim
352 1620 487 1684 corpora
508 1599 611 1691 pq‘rra
631 1620 690 1670 sua
710 1606 825 1665 nabrra
850 1608 890 1668 ad
918 1598 1175 1684 perpendiculum
1196 1622 1320 1685 semper
1339 1608 1539 1669 morerentur
1565 1624 1667 1689 usque
1687 1602 1818 1690 paulum
1838 1601 1934 1668 decli·

193 1718 322 1793 nuent,
353 1728 516 1794 nunquam
536 1709 620 1779 inter
640 1729 673 1778 sc
696 1710 917 1794 conderentur
936 1730 1037 1793 nequa
1059 1710 1271 1791 cohaererent,
1302 1733 1464 1797 nunquam
1484 1712 1694 1798 confligerent,
1724 1716 1834 1800 taque
1853 1735 1934 1780 nun-

193 1843 290 1908 quam
310 1822 480 1906 qmoqmm
501 1821 672 1906 gignerm
715 1820 824 1905 Neque
844 1828 949 1905 potest
970 1822 1040 1905 diri,
1061 1823 1205 1907 gaviora
1215 1824 1409 1907 corpuscula,
1431 1824 1606 1891 cumatius
1626 1824 1777 1906 suuntur,
1796 1825 1948 1915 incidero

194 1955 287 2020 posse
307 1932 476 1999 levioribus
498 1938 531 1999 et
549 1932 596 1999 ita
613 1932 723 2017 plagas
744 1932 898 2017 quasdam
918 1933 1052 2019 gignere,
1074 1955 1146 2001 cum
1168 1935 1252 2003 enim
1273 1955 1406 2020 corpora
1425 1936 1529 2020 prima
1547 1957 1604 2022 por
1632 1936 1728 2003 inane
1748 1942 1934 2003 moveantur

195 2067 298 2130 usque
318 2043 385 2112 ulla
405 2068 441 2112 re
461 2044 584 2130 possint
601 2043 767 2124 retardari,
788 2043 898 2111 offlam
907 2043 1069 2113 celeritate
1079 2045 1263 2130 garamma
1283 2050 1380 2129 atquc
1398 2043 1553 2113 levissima
1571 2044 1647 2113 ferri
1668 2067 1795 2114 necoese
1815 2046 1933 2134 est(h).

196 2156 421 2225 Dcdinationis
442 2162 547 2223 motus
568 2156 704 2221 maxime
725 2155 878 2240 probatur
897 2154 1044 2227 libertate
1063 2157 1248 2239 voluntatis,
1280 2177 1361 2243 quae
1382 2160 1542 2241 nunquam
1563 2177 1666 2241 neqm
1686 2179 1726 2223 ex
1746 2157 1812 2224 ictu
1832 2179 1934 2242 neque

195 2290 238 2335 aa
257 2269 397 2355 pondera
417 2268 645 2354 principiorum
665 2266 797 2351 intelligi
817 2267 932 2353 possit,
960 2273 1061 2335 restat
1079 2268 1176 2351 igitur
1196 2267 1265 2335 sola
1285 2267 1451 2335 declinatio
1472 2288 1554 2352 quae
1573 2268 1694 2334 incerto
1714 2274 1864 2353 tempore,
1885 2267 1934 2334 in·

194 2386 283 2447 certo
304 2380 375 2447 loco
398 2379 483 2445 saca
505 2378 725 2444 necessitatem
747 2379 841 2444 evitet
863 2379 912 2459 (i).
955 2379 1014 2445 Est
1035 2400 1108 2463 ergo
1130 2377 1246 2463 triplex
1273 2377 1517 2463 primordiorum
1537 2385 1654 2459 mobis,
1678 2379 1768 2464 isque
1788 2385 1935 2446 aeternus

196 2497 231 2556 ct
249 2489 470 2570 immutabilis,
504 2489 616 2556 eadem
639 2511 762 2576 semper
782 2492 1024 2577 primordiorum
1045 2514 1177 2574 summa,
1210 2511 1282 2556 cum
1302 2511 1403 2574 neque
1423 2489 1507 2556 ullus
1526 2490 1568 2557 sit
1587 2489 1683 2572 locus,
1715 2511 1778 2574 quo
1799 2488 1935 2575 effugere

195 2602 325 2688 possint,
345 2622 447 2686 neque
469 2607 599 2667 externa
620 2602 774 2686 quaedam
797 2604 843 2668 vis
865 2605 995 2689 cogitari
1014 2604 1128 2689 possit,
1152 2623 1233 2688 quae
1253 2607 1358 2669 motus
1385 2599 1456 2669 illos
1476 2601 1584 2667 turbet
1615 2599 1672 2685 (k).
1715 2601 1797 2667 Hinc
1824 2623 1934 2681 rerum

194 2714 230 2778 in
252 2710 369 2778 mando
392 2712 576 2781 constantin
619 2711 729 2796 Neque
738 2712 917 2779 mirandum
939 2712 1086 2795 catillus
1107 2712 1281 2798 primorum
1302 2732 1468 2796 corporum
1489 2710 1702 2779 mmusoculis
1723 2733 1787 2781 non
1807 2712 1934 2798 percipi

197 2823 338 2895 Primum
359 2823 442 2889 enim
463 2822 533 2907 ipsa
555 2823 674 2891 aomina
693 2824 795 2889 adem
816 2824 977 2893 oculorum
1005 2823 1144 2909 firgiunt,
1176 2829 1244 2888 tum
1267 2843 1375 2901 eanum
1407 2842 1531 2906 quoque
1562 2842 1667 2893 rerum
1697 2843 1776 2908 quas
1807 2842 1935 2889 cernere

195 2955 362 3020 possumus
382 2940 487 3000 motus
506 2941 669 3019 aspectum
689 2940 832 3001 nostrum
852 2935 976 3019 bigbrnt
996 2935 1089 3024 longo
1110 2934 1250 3001 locorum
1271 2931 1445 2999 intervallo.

352 3048 399 3134 (a)
422 3047 577 3132 Epicurus
599 3068 670 3112 cum
691 3053 817 3131 praeter
838 3068 952 3132 corpus
973 3052 1005 3112 et
1024 3046 1118 3110 inane
1150 3045 1269 3110 nullam
1299 3045 1426 3110 tertiam
1457 3065 1515 3129 per
1545 3065 1580 3110 se
1611 3049 1756 3110 comme
1787 3049 1936 3110 natumm

299 3155 434 3237 doceret,
456 3178 494 3222 eo
514 3157 583 3242 ipso
606 3177 729 3223 omnem
752 3178 875 3242 quoque
895 3157 1017 3223 vimvel
1027 3176 1153 3222 causam
1176 3159 1209 3220 et
1229 3150 1416 3239 principium
1425 3160 1530 3220 motin
1550 3155 1683 3238 negarit
1725 3153 1787 3222 Sed
1808 3161 1936 3221 condus

300 3272 337 3332 ut
357 3286 485 3332 causam
505 3265 651 3333 redderet
670 3266 781 3333 incidit
800 3268 834 3332 in
853 3266 895 3348 id,
918 3289 979 3352 quo
1001 3266 1172 3333 secundum
1193 3264 1373 3332 Ciceronem
1396 3264 1436 3330 de
1455 3262 1508 3330 fin
1529 3264 1553 3346 I,
1576 3265 1597 3330 6
1627 3265 1841 3332 Democritum
1872 3286 1936 3332 non

301 3375 445 3456 auexit,
467 3375 523 3442 ssd
543 3375 733 3461 depravavit,
755 3378 789 3442 in
810 3398 938 3442 caumm
959 3377 1121 3462 gravitatis
1143 3381 1176 3441 et
1196 3374 1419 3441 declinationis

351 3473 531 3557 secundum
551 3487 767 3554 Democritum
789 3493 965 3554 atomorum
986 3496 1090 3555 motus
1112 3483 1228 3571 duplex
1249 3492 1305 3567 est,
1327 3485 1408 3552 alter
1428 3484 1626 3565 universalia,
1659 3484 1742 3551 alter
1761 3483 1936 3569 singularia

300 3598 492 3667 Universalis
515 3606 693 3666 atomorum
715 3606 819 3666 motus
838 3601 1025 3686 principium
1046 3606 1095 3666 est
1115 3599 1284 3666 nicomatus
1306 3599 1452 3682 (ἀνάγκη)
1474 3619 1499 3663 s.
1512 3595 1614 3667 fatum
1628 3594 1831 3683 (upuppae),
1853 3615 1936 3679 quae

300 3718 453 3797 tanquam
476 3712 693 3778 instrumentis
714 3711 888 3777 vibratione
910 3713 1048 3800 (παλμῴ)
1070 3717 1104 3778 et
1123 3712 1273 3797 vertigine
1290 3711 1385 3795 (oon)
1406 3709 1514 3778 utitur.
1557 3709 1651 3775 Hunc
1671 3715 1848 3775 atomorum
1866 3731 1936 3777 mo·

300 3829 371 3888 tum
391 3844 431 3890 ex
452 3828 581 3888 aeterno
601 3829 743 3907 tempore
763 3822 903 3888 attiae
922 3821 1109 3907 philosopho
1137 3822 1251 3909 placet.
1295 3819 1382 3887 Stob.
1403 3819 1460 3889 ecl.
1481 3819 1569 3905 phys.
1589 3842 1620 3905 p.
1644 3820 1717 3891 160.
1758 3819 1937 3899 Λεύκιππος

301 3934 404 4001 πάντα
425 3933 492 3998 κατ’
516 3934 663 4018 ἀνάγκην,
689 3934 748 4019 γῆν
768 3934 796 3999 d'
816 3932 913 4019 αὐτήν
943 3932 1091 4019 ὑπάρχειν
1112 3933 1303 4018 εἱμαρμένην.
1347 3929 1431 3997 Sext
1451 3930 1569 4017 Empir.
1591 3954 1622 4017 p.
1654 3933 1727 3999 599.
1762 3931 1840 4000 ὥστε
1872 3935 1938 3999 κατ’

301 4042 439 4130 ἀνάγκην
459 4047 518 4129 μὲν
538 4048 589 4110 καὶ
611 4042 672 4110 ond
694 4046 788 4129 δίνης,
810 4043 852 4122 ὥς
873 4041 974 4128 ἔλεγον
995 4042 1024 4107 ui
1051 4048 1118 4132 περὶ
1139 4041 1353 4128 Δημόκριτον,
1385 4041 1440 4108 οὐκ
1475 4041 1516 4107 ἂν
1547 4053 1658 4108 κινοῖτο
1693 4041 1711 4109 d
1737 4041 1861 4126 κόσμος.
1892 4082 1937 4096 --

302 4152 477 4238 Singularis
510 4160 625 4235 motus,
657 4154 712 4239 qui
744 4159 777 4219 et
806 4154 874 4239 ipso
905 4153 1079 4221 vibratione
1112 4159 1146 4220 et
1174 4152 1326 4237 vertigiue
1356 4152 1401 4235 fit,
1433 4156 1562 4240 propria
1592 4158 1642 4219 est
1661 4159 1772 4222 mutua
1791 4154 1937 4240 impulsio

301 4262 521 4348 ἀλληλοτυπία,
544 4264 717 4344 ἀντιτυπία,
740 4262 917 4351 &adducar
936 4265 956 4349 ἡ
977 4266 1055 4349 πρὸς
1075 4262 1203 4349 ἄλληλα,
1223 4285 1319 4348 quam
1341 4263 1449 4331 Cicero
1470 4265 1510 4332 de
1529 4265 1597 4331 fato
1618 4287 1685 4350 cap.
1708 4266 1751 4330 20
1780 4286 1802 4331 a
1822 4265 1937 4333 Demo·

302 4375 382 4440 crito
404 4372 522 4459 πληγήν
542 4375 740 4441 nominatam
761 4396 828 4441 ase
849 4381 992 4442 testatur.
1036 4374 1145 4460 Simpl
1166 4375 1255 4460 phys.
1283 4373 1335 4444 fot
1367 4377 1419 4445 96.
1462 4374 1657 4460 Δημόκριτος
1689 4372 1778 4462 φύσει
1811 4376 1937 4459 ἀκίνητα

300 4485 398 4569 λέγων
418 4481 460 4547 τά
482 4481 587 4566 ἄτομα
609 4489 708 4572 πληγῇ
727 4488 882 4552 κινεῖσθαί
903 4511 1006 4573 φησιν.
1049 4485 1247 4552 Damocritus
1278 4485 1374 4570 igitur
1404 4491 1527 4553 atomos
1557 4491 1673 4551 natura
1703 4505 1762 4553 sua
1791 4486 1937 4553 immun

301 4615 370 4665 esse
391 4599 481 4660 ratus
500 4592 675 4661 violentum
696 4596 735 4661 iis
756 4602 852 4679 atque
872 4601 1035 4663 aeternum
1056 4601 1177 4662 motum
1198 4593 1351 4676 attribuit,
1370 4596 1417 4662 ita
1436 4603 1555 4662 utnon
1576 4596 1701 4662 interne
1721 4596 1752 4661 ri
1773 4595 1937 4676 amentur,

300 4705 358 4773 sed
379 4704 588 4789 extrimecus
606 4726 774 4792 percussae
796 4713 925 4773 emano
945 4707 1037 4792 pulsu
1058 4708 1261 4792 agitarentur.
1305 4705 1422 4774 &ntra
1443 4708 1597 4792 Epicurus
1626 4707 1661 4772 in
1692 4727 1858 4792 corporum
1889 4709 1938 4779 io·

300 4815 487 4883 secabilium
507 4815 645 4901 pondere
673 4824 777 4885 motus
808 4817 961 4885 naturalis
992 4817 1180 4904 principium
1211 4839 1279 4885 eme
1309 4817 1416 4889 voluit
1460 4815 1552 4896 Quod
1582 4818 1665 4883 enim
1695 4818 1741 4883 ait
1761 4815 1938 4903 Simplicius

300 4926 391 5012 phys.
412 4925 465 4997 fol.
489 4926 560 4993 810.
582 4929 632 4992 acl
654 4925 756 5013 ἔλεγον
789 4927 834 5007 (ol
861 4929 929 5012 περὶ
949 4928 1159 5015 Δημόκριτον)
1193 4927 1272 4993 suad
1303 4922 1361 5011 coir
1391 4930 1425 4992 ἐν
1456 4927 1559 5004 adroic
1588 4928 1747 5013 βαρύτητα
1776 4930 1937 5012 κινούμενα
